2820 5018
496 436 762 504 EXCUIISUS
785 440 930 503 XVIII

447 640 780 729 EXCURSUS
807 643 984 732 XVIII

486 843 538 893 ΔΙ)
554 843 761 895 EPILOGUM
780 844 887 896 LIBRI
906 847 942 896 II.

227 1024 277 1083 Vs.
299 1045 322 1080 ι.
340 1019 439 1098 AEsopi
455 1019 579 1097 inqenio.
600 1017 635 1075 In
653 1017 733 1077 Mss.
752 1015 831 1077 Pitb.
849 1032 882 1078 et
899 1022 996 1081 Rem.
1018 1042 1161 1108 corrupte
1176 1028 1235 1089 luit.

185 1113 284 1191 AEsopi
296 1111 451 1189 iuqcntom.
463 1104 552 1164 Unde
564 1104 700 1166 Pithoeus
711 1106 907 1167 emendavit:
916 1113 1034 1193 AEsopi
1044 1118 1233 1195 lupenterustr·

187 1215 276 1261 ιιιαιιι.
291 1194 347 1255 Sed
360 1194 452 1273 vulgo
466 1191 592 1273 legitur,
606 1196 712 1275 AEsopo
726 1197 873 1275 iupcntcm
887 1210 921 1256 st.
935 1199 991 1258 Sic
1004 1202 1141 1264 Nevelet.
1153 1206 1231 1264 [astu

187 1289 304 1371 priores
323 1284 495 1343 Burmanni
514 1280 680 1341 Editiones.
699 1284 738 1341 At
755 1283 877 1343 (ludius
897 1285 943 1345 ob
966 1287 1078 1350 Iocum
1103 1293 1170 1353 Pml.
1183 1295 1227 1353 Ill.

188 1377 240 1450 52,
258 1376 313 1447 53,
329 1374 429 1452 AEsopi
449 1372 566 1450 iuqeuio
582 1382 708 1430 statuam
724 1389 843 1449 patuere
861 1374 981 1447 Attici,
1000 1376 1163 1458 legendum
1177 1400 1225 1438 esse

186 1478 291 1546 putat,
310 1462 360 1520 cui
377 1457 590 1539 suffragantur
606 1456 775 1532 Bentleius‚
791 1460 1068 1541 Cuninghamus,
1086 1469 1225 1528 Burnum.

185 1552 367 1611 Lallemant.
384 1548 511 1607 Brotier.
529 1545 699 1626 Βίροιιῐίιιί,
715 1544 776 1604 alii.
789 1546 895 1621 Quam
908 1551 1131 1632 conjecturam
1143 1557 1226 1616 deinde

185 1640 380 1703 confirmavit
401 1635 503 1696 Codex
525 1635 655 1708 Perotti,
674 1634 788 1714 inquo
808 1635 951 1719 Epilogo
973 1641 1103 1703 Phaedri
1122 1650 1228 1728 premis·

186 1751 236 1790 sus
259 1742 324 1789 erat
346 1724 451 1786 titulus
471 1749 478 1783 z
498 1726 613 1804 inpeuio
634 1736 659 1782 ct
678 1725 774 1782 virtuti
791 1745 894 1784 vcram
913 1726 1055 1809 pluriam
1074 1734 1171 1807 tribui,
1186 1738 1229 1817 pri

185 1838 255 1879 mus
271 1830 373 1877 autem
390 1832 492 1871 versus
507 1810 614 1871 diserte
630 1809 846 1887 exhibebatur,
864 1829 901 1874 ut
917 1818 1051 1881 Gudius
1068 1822 1229 1903 conjecerat

185 1909 285 1988 AEsopi
307 1906 422 1986 inpertio
448 1914 573 1961 statuam
597 1921 715 1981 posuere
737 1904 828 1962 Attici
846 1905 900 1983 (ι).
919 1906 986 1969 Cui
1010 1911 1137 1974 lectioni
1157 1918 1229 1975 eiiam

183 1996 265 2058 favet
277 1994 353 2055 Cod.
365 1992 569 2052 Divionensis.
581 1990 649 2049 vid.
662 1990 918 2054 Additamentum
934 1998 972 2058 in
991 2002 1049 2061 isto
1061 2004 1167 2065 Codice
1176 2024 1230 2087 post

186 2086 249 2146 fab.
262 2086 347 2158 XXI,
362 2082 414 2141 lib.
430 2083 482 2158 IV,
495 2080 579 2163 quod
592 2081 785 2141 inscribitur:
803 2108 817 2137 ιι
830 2085 969 2169 AEsopus
983 2090 1024 2152 de
1035 2110 1134 2155 statua
1144 2095 1228 2156 suiad

185 2179 286 2249 Cives,
296 2199 311 2230 ι
329 2187 359 2234 et
375 2173 523 2251 Lessingii
537 2171 706 2231 Romulum
720 2186 750 2231 et
763 2174 939 2237 Rimicium
955 2202 1031 2263 pag.
1049 2186 1088 2243 52
1101 2208 1159 2268 seq.
1170 2188 1228 2246 l'oci

184 2269 267 2327 enim
280 2277 407 2323 statuam
421 2263 453 2321 in
470 2261 548 2321 Cod.
563 2261 687 2322 Divion.
701 2282 766 2321 non
782 2263 910 2325 additur
927 2270 1117 2352 Epithetou3
1131 2292 1161 2335 at
1173 2276 1228 2357 legi

184 2370 249 2429 tur,
261 2354 361 2433 AEsopi
373 2353 530 2433 iupenium.
545 2351 652 2431 Itaque
663 2351 753 2410 lectio
765 2351 894 2433 vulgata
906 2358 953 2417 ob
968 2365 1174 2425 auctoritatem
1182 2364 1228 2421 dir

184 2459 285 2503 tortum
301 2439 465 2515 Codicum,
479 2452 509 2499 et
521 2441 595 2520 quia
610 2438 728 2499 librarii
740 2460 806 2500 non
821 2460 910 2517 raro,
929 2468 995 2528 pro
1010 2454 1137 2533 lupario,
1149 2456 1227 2532 iupeu·

184 2545 240 2591 tem
255 2530 454 2589 obtruserunt
467 2531 523 2605 (a),
540 2526 701 2607 rejicienda
717 2543 770 2587 est.
785 2531 906 2591 Deinde
923 2556 999 2598 non
1015 2557 1060 2600 est
1075 2541 1226 2623 probabile,

185 2631 217 2677 ut
233 2628 312 2674 recta
327 2614 446 2672 videtur
461 2616 653 2686 llurmauno‚
669 2626 817 2689 statuam,
832 2619 955 2701 AEsopo
970 2630 1109 2705 positam,
1121 2632 1223 2705 urapnj.

182 2702 289 2763 tudine
310 2700 401 2769 alias,
421 2699 492 2756 viris
513 2699 618 2772 claris,
640 2714 669 2758 et
691 2701 905 2765 benemeritis
926 2730 1057 2783 erectas,
1075 2736 1218 2797 superasse.

183 2787 385 2872 Spauhemius
400 2784 442 2862 (3)
455 2799 485 2842 et
500 2784 745 2865 Hoogstratanus
760 2787 801 2866 (4)
814 2791 926 2853 itidem
942 2800 1220 2882 probautcunicctu·

186 2901 252 2938 ram
264 2874 366 2935 Gudii.
380 2872 436 2932 sed
450 2876 586 2935 Gmnov.
600 2877 788 2951 Perizonius,
803 2881 1000 2963 Torrenius,
1012 2891 1080 2965 alii,
1091 2909 1222 2973 reponunt

184 2967 302 3043 iuqmmi
320 2974 455 3021 statuam.
476 2963 589 3022 Contra
605 2962 761 3041 vulgatam
781 2969 929 3045 iupcuteru
948 2989 1095 3052 tueutur,
1110 2982 1160 3039 etsi
1172 2978 1221 3038 fru-

183 3038 254 3113 stra.
272 3050 315 3110 CI.
331 3047 485 3109 Schiracb.
502 3052 557 3128 (ὃ),
576 3050 760 3128 Schellerus,
774 3055 995 3122 Dcsbillonius
1009 3066 1050 3124 ad
1068 3065 1097 3126 h.
1113 3069 1132 3128 l.
1149 3086 1220 3148 atque

182 3145 275 3202 ctiam
288 3142 397 3200 retinet
408 3140 563 3199 Fabricius
574 3141 627 3219 (6);
639 3139 808 3203 admittunt
820 3145 963 3229 denique
977 3175 1045 3214 nou
1060 3179 1159 3238 paucae
1169 3156 1218 3215 Edi

181 3232 296 3303 tiones,
314 3243 348 3288 ut
364 3231 581 3308 lloogstratau.
601 3231 821 3312 Interpretatur
835 3250 946 3296 autem
964 3244 1128 3305 Fabricius
1142 3249 1217 3325 iupu-

181 3331 251 3389 teau,
270 3316 464 3398 splendidam
481 3331 510 3376 et
526 3317 689 3393 illustrem,
705 3320 787 3399 quod
805 3322 895 3381 vcllet
911 3331 1082 3407 probasset
1097 3336 1217 3393 Burman·

181 3427 249 3466 nus.
265 3406 470 3483 Drslpillouius
489 3407 624 3484 dubitat,
646 3430 686 3468 an
708 3410 785 3469 beue
797 3413 908 3473 Latina
934 3420 976 3477 sit
994 3420 1130 3498 locutio,
1143 3424 1216 3497 ‘Iup

182 3499 298 3577 inqenio
313 3509 437 3555 statuum
453 3504 859 3581 erzem,praee11nthranc.
874 3507 974 3583 Ham,
996 3515 1054 3592 qui
1074 3514 1173 3574 diserte
1185 3509 1216 3567 di

180 3586 237 3643 cit:
250 3608 264 3637 α
275 3587 389 3663 inparue
400 3583 524 3666 alicrtjus
533 3601 659 3649 statuam
669 3589 786 3671 pcru’ml,
800 3593 903 3669 nullo,
919 3599 1009 3677 quod
1021 3605 1133 3677 sciam,
1143 3620 1215 3661 exem·

181 3671 232 3754 plo
242 3672 354 3732 dicitur
365 3696 371 3730 :
382 3698 395 3726 ιι
408 3674 516 3755 dequo
526 3677 642 3738 dictum
654 3695 698 3740 cst
711 3681 743 3739 iu
755 3682 848 3742 Notis.
858 3686 1011 3749 Caussam
1025 3713 1118 3769 vcro,
1129 3714 1174 3753 cur
1182 3691 1216 3747 iu·

214 3885 319 3958 (ovid.
333 3888 404 3940 I‘url.
417 3892 556 3944 Burmann.
569 3893 601 3945 ad
613 3896 680 3947 Edit.
757 3899 795 3970 (3)
811 3900 851 3951 Ad
865 3902 968 3958 Juliaui
983 3907 1115 3969 Crrsares,
1130 3928 1152 3979 p.
1167 3905 1214 3956 528.

179 3984 240 4017 ann.
255 3985 330 4037 1727,
340 3968 388 4018 sub
401 3968 443 4019 lin.
756 3977 794 4048 (l)
808 3981 836 4029 Iu
850 3980 978 4035 Editione
990 3990 1058 4037 anni
1076 4006 1133 4059 ¹5⁰¹
1147 3982 1214 4047 itt-l

213 4046 255 4113 (a)
271 4045 328 4096 vid.
345 4047 479 4101 Acidalius
496 4050 529 4102 ad
546 4052 616 4104 Curt.
635 4053 678 4105 lib.
756 4056 794 4127 (5)
806 4057 877 4108 Clav.
891 4062 919 4109 Ρ.
935 4064 960 4123 Ι,
974 4083 1002 4133 p.
1022 4083 1064 4116 ιι.

178 4125 215 4185 X,
227 4144 286 4196 cap.
301 4125 329 4187 51
342 4146 401 4197 pag.
415 4130 474 4198 786.
488 4129 554 4181 Edit.
568 4133 680 4185 Suulcu·
754 4132 792 4202 (6)
807 4137 835 4186 Iu
850 4138 878 4187 B.
893 4138 926 4189 G.
939 4141 993 4192 Vol
1005 4144 1032 4209 I,
1048 4165 1076 4215 p.
1090 4146 1146 4197 623.
1159 4139 1214 4193 Fuit.

177 4204 246 4276 bury.
720 4214 817 4266 llarles.
831 4215 877 4267 ubi
888 4218 957 4270 vide.
