2820 5018
430 494 494 556 an
518 490 805 555 raotooms
826 489 918 552 tta.
944 492 969 552 1.
1159 494 1219 579 ⁴9¹

176 635 311 708 fabulas,
330 645 444 695 ornatu
460 632 577 713 poetico
597 629 732 702 vestitas,
749 626 948 708 collegerunt.
966 627 1034 686 Huc
1050 627 1226 690 referendus

177 743 300 806 quoque
310 721 453 795 Babrius,
462 740 555 801 quem
567 719 670 799 AEsopi
680 717 801 777 fabulas
809 715 945 776 versibus
955 713 1178 794 choliambieis,
1191 717 1226 776 li·

177 812 241 873 bris
257 814 298 886 X,
314 811 502 893 exposuisse,
520 805 698 888 supradixi.
713 808 752 864 At
766 805 897 864 minima
912 825 984 886 pars
997 823 1166 883 graecarum
1181 806 1226 865 fa-

178 898 343 972 bularum,
360 898 472 979 quibus
490 915 607 955 nomen
625 893 806 974 impositum
821 905 865 951 est
881 892 920 950 ab
936 885 1068 971 AEsopo',
1085 893 1227 955 eumdem

176 987 271 1049 habet
291 1000 466 1060 auctorem
485 987 582 1045 immo
599 1003 784 1063 veroquam
805 982 947 1064 plurimae
966 1002 984 1040 a
1000 981 1117 1040 serioris
1133 984 1229 1043 aetatis

178 1079 376 1160 scriptoribus
388 1078 565 1158 compositis
579 1072 673 1135 fuisse
687 1073 832 1156 putandas
846 1085 927 1132 sunt
940 1073 1052 1131 Utrum
1065 1085 1168 1132 autem
1181 1094 1229 1133 ve·

178 1182 273 1242 teres,
289 1171 343 1250 qui
359 1168 460 1249 AEsopi
476 1164 596 1225 fabulas
613 1178 802 1238 memorant,
822 1162 869 1222 usi
885 1164 947 1221 sint
962 1160 1097 1244 ejusdem
1113 1163 1231 1238 verbis,

178 1256 293 1314 ansuis
309 1276 414 1315 earum
427 1252 610 1312 sententiam
624 1252 837 1332 expresserint,
854 1249 892 1308 de
907 1271 942 1309 eo
956 1248 1081 1330 quidem
1095 1248 1176 1309 inter
1188 1251 1231 1309 vi-

179 1362 228 1402 ros
248 1343 352 1403 doctos
373 1363 438 1401 non
458 1340 611 1399 convenit.
632 1339 783 1420 Equidem
805 1337 913 1397 accedo
936 1336 1091 1396 sententia.¹
1106 1357 1232 1408 eorum,

180 1433 233 1511 qui
252 1444 379 1512 putent,
395 1429 541 1509 AEsopum
560 1448 626 1487 non
643 1428 745 1509 ipsum
761 1428 867 1487 litteris
890 1426 1079 1506 consignasse
1097 1426 1232 1500 fabulas,

180 1517 231 1576 sed
250 1538 302 1597 por
314 1516 502 1575 occasionem
515 1512 599 1573 fictas
614 1514 768 1586 recitasse3
778 1535 869 1594 quas,
879 1533 945 1572 non
956 1513 1055 1571 multo
1067 1527 1150 1594 post,
1160 1514 1234 1573 alios

180 1604 352 1684 collegisse,
369 1604 446 1663 alios
465 1617 567 1684 postea
583 1601 723 1677 fabulas,
739 1602 847 1663 eodem
863 1602 956 1662 modo
971 1605 1165 1682 excogitatas,
1179 1603 1234 1662 ad·

179 1693 309 1765 didisse,
331 1693 475 1752 credibile
494 1705 547 1751 est.
572 1692 676 1773 Ipsum
702 1693 848 1773 AEsopum
869 1692 981 1773 scripto
1005 1690 1125 1751 fabulas
1148 1713 1234 1766 suas,

180 1784 287 1841 Graeco
304 1782 452 1842 idiomate
467 1778 721 1865 comprehensas,
737 1781 885 1855 edidisse,
904 1793 977 1855 aut,
998 1783 1023 1841 si
1039 1801 1116 1861 quas
1131 1781 1235 1839 Graece

179 1871 336 1946 ediderat,
352 1892 402 1930 eas
416 1871 455 1931 ad
472 1892 548 1946 nos,
567 1885 660 1949 prout
675 1872 739 1952 ipse
753 1873 926 1954 scripserat,
944 1872 1130 1952 pervenisse,
1145 1883 1237 1949 negat

181 1960 352 2020 Gatakerus
368 1962 401 2019 in
415 1960 491 2019 Diss.
506 1958 544 2018 de
557 1958 642 2042 Stylo
658 1960 694 2018 N.
709 1961 743 2019 T.
760 1961 818 2039 (1);
838 1960 891 2019 sed
902 1959 1092 2040 Tyrwhittus
1110 1960 1152 2038 (a)
1171 1977 1236 2018 non

182 2046 318 2123 dubitat,
334 2049 478 2131 AEsopum
493 2047 595 2128 ipsum
613 2045 747 2122 fabulas,
763 2047 863 2107 soluta
879 2047 1018 2108 oratione
1032 2048 1175 2129 scriptas,
1190 2065 1237 2105 re-

183 2137 306 2219 liquisse
316 2139 366 2218 (3).
378 2138 440 2198 Etsi
456 2157 527 2196 vero
540 2135 675 2196 dubitari
688 2138 809 2219 nequit,
824 2137 973 2218 genuinas
986 2139 1089 2220 AEsopi
1101 2133 1237 2208 fabulas,

184 2226 247 2284 sive
261 2247 314 2285 ore
330 2225 470 2302 traditas,
487 2227 549 2287 sive
560 2224 626 2309 jam
643 2225 782 2289 collectas
796 2227 929 2299 scivisse,
946 2239 1000 2285 aut
1013 2224 1156 2285 habuisse
1172 2224 1236 2285 Ari·

186 2312 381 2397 stophanem,
399 2315 562 2375 Platonem
578 2327 606 2375 et
621 2314 811 2377 Aristotelem
824 2312 880 2394 (4);
896 2314 968 2375 inde
982 2328 1087 2375 tomen
1103 2335 1170 2375 non
1184 2333 1238 2397 po·

186 2415 244 2461 test
258 2403 373 2485 colligi,
390 2406 537 2486 AEsopum
552 2406 652 2488 ipsum
667 2405 772 2465 litteris
784 2405 943 2465 mandasse
957 2403 1076 2463 fabulas
1086 2424 1169 2477 suas,
1182 2402 1238 2460 ob·

187 2505 325 2553 servante
338 2493 494 2574 Lessingio
511 2493 560 2572 (5).
575 2494 717 2553 Ceterum
730 2514 799 2575 quae
813 2492 905 2553 hodie
921 2493 977 2552 sub
994 2492 1095 2574 AEsopi
1111 2491 1240 2552 nomine

187 2580 445 2645 circumferuntur
456 2583 586 2658 fabulae,
600 2605 649 2644 eas
661 2606 728 2644 non
740 2585 782 2644 ita
793 2604 855 2644 esse
869 2582 1020 2665 profectas
1031 2582 1186 2662 dictasque
1198 2580 1238 2639 ah
1348 2644 1355 2659 ἱ

187 2670 313 2753 tllsopo,
323 2672 390 2754 jam
404 2674 457 2733 diu
474 2688 666 2756 agnoverunt
679 2676 736 2734 viri
749 2674 842 2734 docti.
855 2672 1007 2733 Planudes
1021 2671 1119 2747 enim,
1131 2690 1240 2729 mona·
1293 2710 1296 2715 -
1320 2662 1327 2671 ¹

187 2828 293 2883 fabulas
300 2832 424 2883 Demetrii
432 2834 511 2884 sitisse
519 2835 692 2904 conscriptas,
732 2835 794 2885 Erat
805 2837 921 2903 jamista
936 2845 1055 2904 tempore
1067 2834 1095 2882 in
1107 2849 1180 2882 more
1193 2849 1239 2901 po

187 2929 244 2963 non
255 2909 344 2980 ligato.
356 2909 483 2964 Collectio
494 2927 583 2965 autem
592 2914 693 2967 fabula-
733 2918 825 2978 situm,
843 2915 968 2984 primario
982 2926 1089 2964 auctore
1108 2909 1238 2973 tribuere,

187 3007 249 3041 rum
263 2989 429 3058 AEsopiarum
443 3009 458 3041 a
472 2991 575 3043 Laertio
595 3009 693 3042 memo·
733 2994 861 3066 quidquid
880 2993 923 3046 elii
941 2997 968 3044 in
986 2993 1038 3044 hoc
1053 3009 1149 3063 genere
1164 3007 1237 3041 corn·

188 3084 260 3134 rata,
277 3067 412 3140 publicata
425 3084 477 3135 est,
492 3083 522 3122 nt
535 3070 650 3138 videtur,
666 3074 693 3123 in
733 3077 843 3128 mentati
857 3086 956 3138 essent,
973 3073 1001 3124 id
1015 3070 1087 3144 qnod
1100 3069 1179 3121 docet
1192 3070 1240 3120 Ar·

187 3169 267 3205 usum
274 3148 430 3222 eloquentiae
438 3151 650 3215 candidatorum
662 3131 848 3211 offilochi
860 3153 951 3204 fabula
960 3152 994 3204 de
1007 3150 1103 3223 Aquila
1116 3164 1142 3202 et
1152 3148 1240 3222 Vulpa

189 3249 245 3303 qao
259 3230 310 3281 vid.
324 3231 431 3281 Dissert.
446 3229 479 3282 el.
493 3232 585 3284 Jacobs
597 3249 696 3303 prece·
734 3232 806 3304 apud
818 3231 985 3303 Aristophan.
1006 3232 1053 3281 Av.
1068 3230 1134 3294 652,
1153 3228 1200 3279 uhi
1214 3248 1238 3279 v.

189 3311 263 3364 denti
273 3312 336 3362 Not.
350 3306 498 3378 laudatam,
511 3330 571 3382 pag.
584 3315 644 3380 ηδ.
734 3311 821 3365 Schol.
840 3310 964 3362 Huschke
983 3311 1011 3360 in
1032 3309 1098 3359 lh‘ss.
1121 3306 1154 3359 de
1173 3307 1237 3359 fab.

224 3389 264 3461 (ι)
276 3390 341 3461 Cep.
352 3389 437 3440 xxm
443 3427 451 3455 ,
465 3410 492 3461 p.
510 3392 558 3442 123
570 3408 609 3463 sq.
621 3392 692 3463 Opp.
734 3389 886 3443 Archilochi
901 3408 927 3461 p.
946 3406 970 3459 7.

189 3472 252 3522 (hit.
263 3472 333 3540 Traj.
349 3470 430 3539 1698,
442 3467 529 3522 irs-fol.
544 3470 604 3523 ooll.
615 3472 694 3523 Bent-
769 3469 809 3541 (3)
825 3468 930 3522 Gellert.
945 3467 979 3519 de
998 3469 1074 3520 Poesi
1093 3465 1238 3541 Apologor.

190 3547 234 3601 laii
245 3551 343 3620 Opusc.
357 3545 451 3600 Philol.
463 3569 489 3620 p.
502 3550 611 3619 γωδ,
624 3550 693 3603 Edit.
734 3568 795 3622 pag.
819 3567 868 3620 ²9³
891 3551 934 3600 «si
952 3548 1117 3612 testimonio,
1137 3548 1238 3619 inquit,

191 3629 262 3699 lips.
735 3625 1241 3701 Aphthonii(inl’raeexercitt.del²ah.)

226 3705 379 3777 (amitten.
388 3704 421 3758 de
429 3707 558 3782 Bahriop.
568 3707 616 3774 25,
625 3707 692 3760 Edit.
733 3707 773 3762 ris
783 3707 917 3760 himer...
929 3705 1069 3777 συγγράψαι
1078 3702 1242 3771 redemistis,

191 3784 275 3836 lond,
289 3787 344 3838 Etsi
356 3786 694 3859 Tymhittusargnmente·
734 3789 812 3843 iidem
823 3787 991 3853 adhibemus,
1004 3788 1117 3858 AEsopus
1130 3787 1187 3857 ipse
1198 3787 1243 3837 fr·
1284 3788 1298 3801 ’“

191 3866 291 3915 tionem
299 3864 460 3931 Bentleii,ne
468 3869 580 3921 Socratis
589 3869 694 3941 quidem
734 3868 811 3922 bulas
828 3887 889 3921 snas
906 3869 1091 3940 conset-ipsit·
1117 3864 1167 3918 Sed
1187 3862 1239 3917 vid.

190 3953 267 3994 atate
280 3944 387 4012 scriptas
400 3946 489 4019 AEsopi
500 3947 604 4001 fabulas
617 3951 695 4001 exsti·
735 3947 858 4002 Getaher.
874 3945 892 3998 l.
906 3967 929 3999 e.

191 4025 267 4086 titre,
277 4026 427 4089 statuentis,
436 4040 506 4079 reete
515 4030 649 4092 refutarit,
659 4041 697 4079 ta·
770 4030 810 4100 (4)
817 4027 883 4079 Vide
894 4048 916 4079 e.
928 4045 951 4078 c.
966 4023 1148 4095 Aristophanis
1158 4024 1240 4087 Aves,

191 4120 253 4154 men
263 4102 422 4168 noneffecit,
433 4125 486 4171 eas,
497 4126 552 4177 quae
560 4119 617 4157 tum
624 4105 695 4159 libris
736 4109 801 4179 470;
814 4110 892 4177 Vesp.
911 4107 1061 4175 13923Pac.
1079 4120 1136 4172 ¹²9·

191 4184 402 4248 continerentur,
419 4185 453 4238 ab
469 4188 567 4259 AEsopo
583 4190 641 4258 ipso
654 4188 695 4240 vel
771 4188 848 4258 (5)1n
859 4188 966 4240 Dissert.
978 4204 1025 4236 zur
1035 4182 1185 4237 Geschichtr
1195 4181 1242 4234 der

192 4264 352 4336 corapositas
365 4265 458 4330 fuisse,
470 4265 511 4318 rel
523 4270 694 4338 conscriptas.
738 4264 904 4336 AEsoptsehen
916 4264 1008 4327 Fater,
1019 4283 1045 4334 1·-
1058 4280 1117 4314 aro.
