2820 5018
46 486 49 491 ’
105 495 146 555 8²
479 485 542 547 DE
565 483 768 547 PHAEDRI

584 624 666 703 1726.

144 763 269 819 Parrum
284 758 359 833 Aug.
373 754 497 813 Caesaris
509 755 636 829 Liberti,
649 752 791 814 Fabulae.
802 752 946 834 AEsopisr.
958 752 1042 812 Libri
1051 754 1091 814 V.
1100 756 1148 816 ln·

104 849 317 931 terpretatione
337 859 366 902 et
384 844 466 903 Notis
484 843 645 902 illustravit
662 845 741 902 Petr.
762 843 921 917 Danetius,
942 842 1140 904 Academicus

103 940 186 998 Nova
197 935 297 994 Editio
310 931 485 1006 emendata,
502 933 586 991 Notis
604 931 813 1005 scientissimis,
830 929 1004 1015 Appendice
1015 930 1053 990 ad
1068 931 1147 1014 ejus·

102 1026 171 1085 dem
184 1022 317 1096 fabulas,
333 1020 431 1080 Publii
446 1021 512 1103 Syri
524 1020 717 1100 aliorumque
728 1034 863 1079 veterum
876 1019 1039 1079 Sententiis
1046 1032 1146 1079 aucta.

101 1116 202 1185 Paris,
221 1107 694 1192 1726,in-t⁶,13art›0u(ssditore
709 1110 741 1167 P.
756 1108 880 1187 Fabro)
1008 1116 1011 1121 '

135 1225 256 1277 Biblioth.
272 1223 450 1293 Badenhaupt.
468 1240 531 1289 ata,
544 1232 573 1273 n⁰
587 1223 663 1293 ²4²9·
677 1224 809 1276 Dictiotm.
830 1218 1002 1293 biblioqmplt.
1020 1219 1109 1273 lristor.
1122 1231 1147 1271 et

98 1306 155 1356 erit.
165 1307 197 1356 T.
210 1307 244 1370 ll,
254 1324 315 1375 pag.
326 1304 386 1368 384.
403 1302 462 1354 coll.
474 1323 535 1354 ann.
550 1304 630 1372 1675,
640 1316 665 1355 et
675 1302 813 1376 Epltertter.
824 1302 892 1373 Lips.
903 1300 982 1351 litter.
994 1319 1056 1350 ann.
1071 1317 1144 1370 1725,

99 1385 329 1460 dmm&-

139 1500 171 1558 P.
183 1498 316 1558 Terentii
331 1496 395 1557 afri
412 1497 589 1569 Comoediae,
606 1499 732 1556 Primum
751 1494 875 1555 Fabulae
888 1493 1030 1574 AEeopiae,
1043 1492 1142 1553 Publii

95 1586 163 1668 Syri
178 1600 207 1645 et
218 1585 350 1645 aliorum
362 1599 497 1643 veterum
512 1584 686 1656 Sententiae,
699 1604 734 1642 ex
749 1582 921 1642 recensione
933 1595 962 1640 et
974 1601 1048 1640 cnm
1062 1581 1142 1641 Notis

98 1674 239 1735 Richardi
255 1674 390 1735 Bentleii.
409 1672 613 1753 cantabrigiae
630 1694 679 1754 ap.
699 1670 820 1732 Cornel.
839 1668 1034 1731 Crownfield.
1062 1672 1141 1750 1726.

96 1764 239 1823 Veneunt
253 1779 282 1823 et
294 1762 426 1822 Londini
439 1761 521 1842 apud
534 1764 597 1820 lae.
612 1764 768 1840 Kitapton,
782 1759 856 1819 llob.
869 1755 1040 1839 Kneploclt,
1055 1758 1138 1818 Paul.

98 1857 128 1915 V
125 1853 243 1927 aillant,
260 1850 453 1932 Bibliopolas,
469 1850 550 1923 itt-4⁰
563 1850 634 1930 maj.
649 1850 826 1907 Terentium
840 1849 948 1931 excipit
959 1849 1068 1908 titulus
1079 1869 1139 1930 spe·

94 1942 191 2016 cialis,
209 1956 238 2001 et
253 1961 350 2001 novus
366 1941 549 2020 paginarum
569 1938 659 1997 ordo:
683 1939 807 1997 Paruum
826 1939 901 2017 Aug.
917 1936 984 1997 Lib.
1000 1937 1138 1999 Fabular.

94 2031 237 2113 AEsopisr.
254 2029 337 2088 Libri
355 2030 390 2086 V.
408 2026 508 2086 Publii
527 2027 594 2109 Syri
614 2040 642 2086 et
658 2025 790 2085 aliorum
805 2027 949 2087 Veterum
969 2025 1138 2087 Sententiae.

94 2118 252 2178 Recensuit
272 2129 301 2175 et
318 2117 409 2174 Notas
430 2114 546 2173 addidit
564 2113 648 2174 lliclr.
669 2114 835 2188 Bentleius‚
856 2113 1035 2197 cantabrig.
1058 2112 1136 2199 apud

93 2205 186 2264 Corn.
199 2200 393 2263 Crownfield.
414 2204 496 2283 1726.

131 2293 220 2351 Basin
248 2290 318 2349 feeit
341 2289 447 2348 Editor
472 2302 587 2348 textum
607 2289 794 2361 Burmanni,
816 2287 868 2368 qui
891 2289 988 2348 estin
1006 2287 1137 2349 editione

98 2383 185 2461 1718,
198 2378 248 2438 sed
263 2399 334 2437 eum
349 2377 489 2459 pluribus
501 2378 575 2437 locis
588 2399 659 2436 eum
676 2399 710 2437 ex
723 2378 861 2458 ingenio,
873 2388 941 2436 tum
954 2397 991 2437 ex
1005 2377 1133 2437 aliorum

92 2466 356 2528 emendationibus
374 2468 517 2542 mutavit,
535 2467 610 2526 adeo
624 2467 763 2546 quidem,
779 2480 814 2525 ut
825 2465 1133 2527 Besbilloniusobser·

91 2571 153 2632 vet,
166 2572 225 2616 tres
238 2570 360 2614 tannim
374 2558 405 2614 in
417 2556 548 2616 editione
561 2557 684 2616 Bentleii
697 2571 867 2635 quatuorve
881 2554 1009 2615 fabellas
1020 2556 1133 2617 inveni·

93 2645 217 2723 ri,quas
227 2641 349 2702 hicnon
360 2645 599 2727 interpolaverit,
611 2645 769 2703 rationein
778 2645 857 2703 uotis
867 2644 1133 2725 sutisimperatorie

92 2733 218 2793 reddita.
227 2735 263 2792 ln
273 2754 334 2813 quo
344 2755 442 2814 quum
455 2735 598 2794 audacius
610 2735 704 2814 egisse
711 2733 873 2807 videretur,
881 2752 931 2793 eas
939 2735 1133 2795 oorroctiouet

91 2821 148 2881 sub
159 2842 285 2882 examen
299 2842 436 2880 severum
449 2824 563 2883 vocavit
577 2825 685 2882 Franc.
703 2825 795 2893 Ham,
818 2820 949 2901 Anglus,
963 2823 997 2881 in
1013 2820 1130 2903 epistola

90 2912 208 2987 critica,
224 2933 293 2991 qutn
306 2912 476 2971 Burmanni
490 2912 622 2971 Editioni
637 2933 711 2970 stin.
731 2931 818 2992 '7²72
838 2910 970 2993 subjecta
987 2924 1045 2986 est,
1058 2912 1129 2973 edita

91 2999 186 3059 Lond.
208 3001 296 3079 1726,
310 2997 400 3074 itt-4⁰.
413 3000 456 3058 Ad
472 3022 597 3060 examen
613 3012 715 3059 autem
731 3013 875 3058 notarum
888 2997 1129 3059 Bentleianeruut

90 3087 130 3146 ita
148 3110 179 3147 se
195 3090 342 3148 convertit
355 3091 483 3163 ilarius,
500 3104 534 3148 ut
547 3090 609 3149 fere
625 3110 664 3149 ne
676 3089 800 3148 tunicam
812 3088 936 3168 quidem
951 3088 1120 3148 emendatio

91 3194 161 3233 nem
184 3177 407 3255 praetermittat,
427 3199 520 3259 quam
545 3198 608 3237 non
627 3190 819 3252 contemnat,
839 3176 966 3258 rejiciat,
988 3175 1127 3249 derideat,

90 3281 196 3319 earum
220 3262 285 3322 loco
307 3263 381 3323 alias
404 3265 579 3339 substituat,
598 3280 653 3325 aut
675 3266 698 3324 si
722 3263 886 3346 probabilis
909 3262 960 3322 illa
983 3262 1126 3335 videatur,

89 3349 228 3407 eamdem
245 3349 301 3407 sibi
314 3349 434 3411 dudum
449 3353 480 3411 in
496 3366 630 3412 mentem
644 3352 773 3426 venisse,
786 3351 924 3410 eamdem
936 3349 1013 3410 olim
1027 3349 1125 3411 oreli-

88 3435 137 3494 bri
156 3437 201 3494 sui
222 3439 392 3518 appinxisse
411 3463 473 3521 prae
493 3463 523 3501 se
541 3440 626 3500 ferat.
644 3440 698 3499 Sed
714 3439 751 3499 de
767 3440 811 3499 his
827 3455 856 3500 et
869 3439 935 3498 aliis
952 3437 1126 3500 duriusculit

90 3545 153 3585 non
167 3527 281 3585 morari
294 3527 366 3587 libet
378 3529 510 3591 lectores.
524 3532 636 3590 ilarius
645 3545 749 3589 tamen
763 3529 845 3592 haud
858 3529 982 3589 inutiles
995 3529 1125 3591 observa·

88 3612 184 3671 tiones
205 3611 254 3672 hic
275 3614 336 3673 illic
355 3617 503 3698 inspersit.
528 3620 632 3698 Neque
653 3618 745 3677 etiam
767 3617 918 3677 Bentleius
936 3617 969 3675 in
991 3615 1124 3676 omnibus

83 3860 153 3914 pour
162 3840 344 3915 lintellipenee
355 3846 389 3896 du
399 3847 473 3916 poe'te
481 3849 492 3918 (
498 3867 549 3918 par
558 3854 585 3903 C.
627 3849 738 3913 edition,
752 3867 840 3911 revue,
852 3847 965 3917 corripere
974 3856 1001 3897 et
1011 3860 1122 3917 eupsetet·

84 3922 115 3973 L.
125 3920 272 3994 Ttibourt).
285 3925 372 3989 Paris,
383 3929 410 3978 C.
421 3926 450 3978 L.
464 3928 586 3981 Tltiboust
627 3931 679 3995 ree,
696 3934 731 3980 oie
746 3929 797 3981 i'ott
812 3949 827 3977 a
839 3929 948 3999 musque
959 3926 987 3978 le
1000 3936 1112 3978 somnus

83 3999 190 4073 (1725),
200 4000 267 4073 petit
278 4002 335 4053 itt-t
342 4019 366 4053 a.
628 4012 682 4062 tion
691 4012 708 4060 ὰ
717 4010 840 4082 quelques
840 4009 930 4079 fables
936 4044 944 4071 ,
952 4025 1059 4078 poterent
1066 4006 1121 4059 dm·

118 4081 264 4137 LesFables
273 4084 303 4134 de
312 4085 429 4148 Paeone,
441 4086 585 4157 affranclty
626 4109 673 4141 aer
690 4089 872 4160 l'intelliqenee
889 4107 943 4140 aux
960 4088 1066 4159 enfantt
1080 4079 1120 4157 pel

81 4159 238 4235 ddupttste,
266 4163 388 4215 tmduites
412 4183 443 4213 ert
465 4165 585 4235 frunt-ais
625 4177 802 4219 commearent
819 4171 834 4216 a
852 4167 978 4230 traducite,
998 4168 1083 4231 Puris,
1096 4159 1117 4214 J·

59 4300 63 4313 Ι
80 4232 143 4295 atre'e
153 4240 179 4297 le
189 4242 257 4295 latio
271 4244 288 4295 ri
299 4245 368 4308 eote,
383 4254 429 4296 ete.
439 4282 448 4309 ‚
464 4246 584 4299 trouoelle
624 4250 654 4299 B.
668 4250 775 4313 Brome,
790 4250 869 4317 ¹7²⁵·
881 4248 966 4301 its-td.
976 4247 1029 4319 (Β.)
