2820 5018
124 484 998 509 mmmmmmwnwmmmwnmmmvum
1002 484 1163 506 nmmum

463 712 505 806 J.
536 711 584 804 Β.
616 710 832 805 GAILII

429 999 868 1109 PRAEFATIO.

580 1307 713 1326 ...q—..-

126 1506 178 1613 St
193 1535 272 1636 quis
287 1535 453 1609 lectorum
470 1539 558 1610 forte
575 1539 718 1611 miretur·
734 1541 823 1612 inter
838 1561 887 1611 tot
901 1544 988 1612 viros
1005 1538 1165 1626 eximios,

122 1676 190 1724 nec
214 1650 335 1722 minus
359 1651 549 1725 litterarum
575 1652 761 1725 latinarum
788 1654 926 1726 scientia
951 1681 1058 1753 quam
1083 1653 1166 1724 scri-

121 1762 231 1837 bendi
250 1763 422 1864 elegantia
443 1786 655 1863 praestantes,
680 1794 831 1866 quorum
856 1767 1061 1839 nominibus
1082 1791 1167 1865 prae-

122 1876 214 1951 clare
231 1878 356 1977 (idque
373 1879 525 1976 quotidie
543 1881 672 1978 magis)
689 1881 979 1952 commendantur
996 1880 1166 1952 editiones

121 2022 145 2067 a
168 1996 213 2065 V.
240 1994 294 2067 Cl.
317 1998 472 2067 Lemaire
486 1996 649 2093 vulgatae;
674 1999 700 2066 si
723 1997 816 2091 quis,
841 1997 1003 2090 inquam,
1026 1995 1167 2063 miretur

119 2109 216 2182 inter
239 2109 410 2209 ejusmodi
429 2110 573 2179 nomina
597 2108 702 2208 hujus
725 2109 828 2179 etiarn
848 2135 979 2178 nornen
998 2106 1166 2206 conspici,

120 2251 231 2325 quem
241 2223 352 2296 multo
361 2223 439 2323 plus
447 2225 561 2296 adhuc
573 2250 682 2323 operae
692 2225 807 2321 graecis
816 2223 947 2295 dedisse
959 2223 1059 2293 rebus
1069 2223 1166 2311 sciat,

111 2338 171 2429 is,
189 2336 382 2410 dnmmodo
394 2337 566 2409 recordari
581 2336 744 2423 voluerit,
763 2364 819 2408 me
837 2362 977 2436 quoque
994 2334 1078 2406 olim
1095 2332 1168 2405 edi-

121 2452 257 2525 tionem
271 2451 408 2524 Phaedri
420 2478 501 2523 cum
519 2451 671 2523 versione
684 2452 808 2550 gallica
821 2473 854 2523 et
870 2451 964 2523 brevi
980 2449 1166 2521 verborum

120 2567 337 2640 enarratione
361 2568 399 2639 in
422 2568 537 2640 lucem
562 2590 809 2666 aspectumque
834 2568 1021 2640 hominum
1046 2566 1165 2637 docto·

120 2708 201 2754 rorn
223 2681 403 2782 protulisse
425 2684 490 2776 (ι),
513 2681 755 2779 ingruentibus
776 2681 863 2754 heu!
891 2684 980 2754 inter
1001 2700 1165 2772 nostrates

118 2795 373 2869 discordiarum
385 2796 558 2895 procellis,
572 2823 749 2868 armornm
762 2797 851 2867 inter
861 2797 1058 2895 strepitum,
1070 2796 1163 2866 fame

119 2910 264 3010 insuper
282 2911 507 3000 imminente,
526 2911 565 2982 iis
581 2912 724 2983 demum
740 2911 970 3010 temporibus,
986 2911 1164 3009 inquibus

118 3024 183 3097 etsi
192 3027 304 3122 fomis
320 3053 392 3097 non
402 3028 514 3124 famae
535 3053 616 3098 cura
635 3026 868 3097 exstimularet
889 3052 944 3097 eos
966 3026 1027 3124 qui
1046 3024 1164 3095 litteris

118 3166 266 3240 operam
285 3139 430 3231 dabant,
453 3159 604 3211 attamen
624 3162 738 3212 nostra
759 3139 893 3211 Phaedri
911 3140 1018 3210 vcrsio
1035 3139 1166 3237 aliquot

119 3275 285 3327 exornata
299 3256 369 3327 fuit
385 3256 572 3354 suffragiis,
589 3284 701 3355 quum
715 3257 751 3326 in
768 3256 985 3327 universitate
998 3254 1164 3343 Franciae,

120 3390 201 3441 tum
222 3369 327 3441 etiarn
352 3371 445 3470 apud
468 3391 595 3443 exteros
621 3374 687 3467 (a),
713 3371 851 3443 fortasse
875 3370 993 3443 minus
1019 3391 1165 3441 temera·

118 3484 216 3557 rium
240 3506 397 3558 nostrum
422 3487 608 3559 consilium
626 3486 808 3589 judicabit.
834 3490 935 3560 Certe
957 3485 1099 3584 quidem
1125 3513 1165 3556 ea

117 3602 196 3702 ipsa
210 3602 304 3702 prior
317 3602 441 3695 editio,
457 3632 568 3704 quum
582 3606 687 3703 aequis
702 3605 826 3675 harum
839 3604 1083 3701 scripturarum
1100 3603 1164 3674 exi-

118 3714 355 3788 stimatoribus
373 3744 445 3790 non
459 3718 604 3790 omnino
625 3718 868 3817 displicuisset,
895 3739 927 3788 et
944 3718 1054 3788 virum
1070 3744 1165 3788 snm-

154 3949 196 4024 (r)
211 3951 271 4004 Vid.
288 3956 347 4006 infr.
366 3957 398 4008 T.
413 3960 438 4023 l,
454 3978 480 4029 p.
503 3959 558 4025 145.
577 3960 648 4028 Quid
660 3961 693 4012 de
708 3972 798 4012 nostra
812 3961 903 4029 AEsopi
916 3958 1028 4009 editione
1040 3956 1163 4027 judican-

120 4027 183 4091 (ΙΨ
192 4031 237 4095 sit,
252 4048 343 4105 aperte
354 4033 468 4088 declarat
481 4052 569 4091 nostra
581 4039 765 4110 Xenophontis
773 4038 852 4090 editio
864 4038 904 4107 (T.
915 4040 937 4101 l,
951 4037 983 4087 1¹²
991 4048 1057 4107 part.
1069 4034 1162 4085 Notiec
1180 4077 1183 4082 .

122 4108 280 4182 Mane,
291 4132 319 4185 r·
334 4132 382 4185 ¹79
396 4129 421 4167 οἱ
433 4118 519 4188 rasa)

155 4188 198 4258 (a)
208 4190 267 4243 Vid.
279 4196 337 4247 infr.
352 4197 383 4247 T.
397 4198 419 4263 l,
433 4216 460 4269 p.
478 4197 532 4263 145.
