2820 5018
401 405 862 510 rnnnsralnrrro's.
1093 446 1154 535 237

158 613 180 652 n
197 587 322 650 metrice
336 583 507 657 transtulit,
528 581 645 641 factum
663 591 707 639 est
724 578 809 653 inde,
830 590 866 638 ut
885 580 1015 663 Scaliger
1034 589 1157 652 dacium

158 702 213 741 um
239 677 364 738 illarum
392 674 559 733 latinarum
586 667 765 729 fabularum
790 666 917 727 haberet
939 680 1158 758 auctorem(r);

162 764 252 847 cujus
266 762 449 824 senteutiam
468 759 666 818 discesserunt
683 754 792 815 deinde
810 753 862 813 alii
870 755 921 832 (a).
938 756 1078 840 scaligeri
1094 765 1158 846 pla.

158 879 172 920 s
193 875 257 915 non
275 852 372 932 magis
391 871 421 910 se
439 845 516 908 mibi
536 847 683 929 probant,
703 865 799 927 quam
818 842 934 904 Barthii
942 845 998 925 (3),
1014 847 1159 914 fastidiosi

158 942 335 1026 gendarum
353 936 576 1010 existimatoris,
594 944 728 1015 respectu
749 931 913 1012 Anonymi.
934 934 963 993 ls
977 935 1061 996 enim
1077 937 1161 1003 hunc

158 1030 249 1115 pellat
273 1042 393 1111 poetam
414 1029 557 1108 priscum,
576 1024 609 1083 in
627 1021 858 1082 obsoletissimos
877 1023 1073 1086 membranas
1093 1051 1162 1093 exa.

158 1140 233 1194 nm,
250 1117 300 1178 sed
311 1115 400 1175 valde
416 1118 543 1195 ineptum
556 1127 649 1194 atque
661 1109 827 1170 barbarum.
842 1111 913 1170 Post
926 1109 992 1173 baec
1005 1118 1161 1182 exordium

158 1252 166 1267 .
182 1207 195 1265 l
209 1221 239 1265 et
252 1202 391 1263 fabulam
407 1203 420 1260 l
432 1199 604 1281 speciminis
618 1199 685 1259 loco
699 1198 853 1279 producit,
870 1197 974 1259 addita
986 1215 1077 1264 nota:
1095 1221 1165 1268 ota·

168 1309 213 1355 est
231 1293 371 1353 universa
390 1285 441 1349 issa
464 1289 566 1371 poesis.
585 1288 616 1348 Si
632 1287 701 1370 quis
716 1307 766 1346 me
783 1287 915 1346 auctoris
932 1309 1045 1351 nornen
1065 1309 1163 1377 roget,

158 1405 231 1457 um,
244 1379 434 1441 bernardum
447 1399 521 1452 esse,
533 1375 620 1456 cujus
631 1375 670 1436 ad
682 1375 926 1439 oculumsimiles
936 1399 1038 1442 versus
1049 1382 1087 1444 de
1098 1388 1166 1448 Cas·

158 1474 191 1532 is
206 1470 312 1530 fabula
329 1469 470 1551 producit
491 1467 629 1527 Silvester
644 1463 882 1547 Gyraldus(ly).n
903 1467 958 1527 Sed
976 1484 1054 1532 recte
1069 1473 1166 1555 rejicit

158 1561 288 1642 ssingius
297 1560 338 1638 (5)
352 1557 473 1618 futilem
490 1555 570 1617 hanc
586 1554 702 1616 Barthii
719 1555 940 1638 conjecturam,
957 1560 1068 1622 nititur
1082 1568 1164 1626 enim

158 1647 322 1731 gumentis,
341 1646 378 1705 ad
400 1644 596 1727 probandum
616 1665 726 1725 parum
744 1641 850 1703 firmis.
870 1645 974 1727 Neque
989 1648 1080 1709 etiam
1095 1653 1168 1713 Rar-

158 1737 222 1795 ium
233 1735 309 1794 serio
321 1731 510 1793 contendisse
524 1731 659 1789 arbitror
669 1730 860 1789 Bernardum
872 1734 1025 1814 Anonymi
1037 1739 1167 1820 scripsis-

160 1823 295 1896 labulas‚
312 1844 409 1904 quum
427 1822 458 1881 in
475 1820 671 1902 sequentibus
683 1819 721 1878 de
734 1833 857 1881 auctore
872 1823 1006 1900 certiori,
1023 1828 1168 1908 Magistro

158 1912 276 1984 mulio,
293 1908 380 1990 cujus
395 1929 509 1968 nomen
525 1907 685 1966 invenerat
702 1905 734 1964 in
750 1906 950 1984 membrana,
962 1912 1054 1971 verba
1066 1912 1167 1977 faciat.

158 2001 270 2063 tristius
281 2000 319 2060 de
331 2011 453 2060 auctore
464 1995 644 2056 fabularum
655 1994 810 2074 Anonymi
822 1992 888 2056 haec
901 2002 1055 2062 memoriae
1066 2005 1168 2086 prodi·

158 2090 235 2168 t(6):
253 2114 268 2144 ιι
278 2109 367 2169 nugae
380 2087 548 2168 glossarum
563 2098 699 2144 veterum
715 2084 973 2165 ineptissimarum
989 2090 1081 2152 modo
1096 2096 1170 2155 scri-

158 2199 241 2239 orem
253 2197 359 2237 earum
376 2176 506 2256 elegiaco
523 2173 659 2234 carmine
674 2169 851 2232 fabularum
866 2173 985 2251 (denuo
1000 2177 1169 2260 publicata.

160 2289 194 2327 m
212 2287 231 2326 a
247 2266 403 2343 Neveleto)
419 2264 539 2325 faciunt
555 2265 733 2344 Maqistrum
749 2264 879 2343 Eropum
898 2262 934 2323 de
951 2268 1065 2327 civitate
1081 2270 1169 2332 Athe-

158 2359 216 2418 enst'
224 2357 280 2436 (7)·,
295 2355 386 2415 modo
400 2354 584 2414 Gualterum
600 2351 777 2433 Anglicum,
793 2353 861 2434 qui,
879 2368 914 2412 ut
930 2371 1019 2437 puto,
1033 2372 1077 2419 ert
1090 2361 1170 2423 inter

158 2442 275 2505 thedrae
287 2444 434 2503 Romanae
446 2455 643 2525 purpuratos,
654 2441 752 2501 dictus
763 2463 781 2501 a
793 2444 838 2502 W
835 2441 994 2519 interbom,
1005 2467 1097 2529 quem
1112 2464 1172 2511 tra-

158 2549 203 2594 rnt
213 2533 295 2594 diem
307 2555 398 2593 suurn
409 2533 516 2593 obiisse
530 2553 604 2593 ann.
614 2533 647 2591 C.
656 2532 692 2591 N.
700 2532 871 2611 crocoov(8)
885 2534 976 2594 modo
987 2536 1171 2602 subobscure

158 2621 240 2704 iquid
253 2643 288 2682 ex
297 2621 354 2681 boc
365 2621 444 2681 libro
454 2621 598 2681 tribuunt
609 2622 746 2701 utaqistm
753 2617 893 2681 Romulo:
905 2636 1057 2703 quatenus
1067 2624 1171 2707 fortas·

158 2724 357 2791 ¹‚argumenta
374 2709 562 2792 praebuit(9).
578 2709 656 2768 Sunt
668 2707 814 2790 denique,
831 2711 885 2792 qui
905 2713 1103 2794 Anonymum
1119 2739 1170 2778 sae-

158 2819 195 2858 ns
206 2813 409 2858 memoratum
421 2798 577 2879 appellent
589 2794 746 2857 Romulum
748 2793 912 2880 juniorem,
922 2801 1005 2859 Petri
1013 2803 1171 2864 Mosellani

158 2886 276 2967 qualem
287 2901 317 2948 et
329 2890 346 2946 J
350 2887 390 2947 ul.
403 2887 513 2968 Pllugii
526 2887 558 2946 in
571 2886 659 2947 ltalia
671 2901 887 2969 preceptorem
896 2887 970 2966 (ro),
984 2892 1096 2966 nescio,
1109 2915 1171 2974 qua

158 2976 320 3050 retoritate3
333 2990 419 3050 sunt,
435 2976 489 3057 qui
504 2987 684 3057 nuncupent
700 2974 841 3035 Salonem
854 2977 1062 3054 Parmensem,
1079 2982 1173 3039 maxi-

160 3169 203 3241 (r)
222 3172 346 3245 lemingii
368 3174 496 3245 Anonym.
516 3169 632 3225 Nerelet.
673 3173 757 3240 dicat,
781 3194 832 3247 ego
855 3171 958 3246 quidem
981 3172 1096 3227 divinare
1121 3195 1175 3228 non

165 3251 182 3317 4
244 3290 250 3301 .
694 3272 789 3306 ossum.

165 3267 205 3401 (29)
212 3268 352 3382 sllsrrlesius
371 3330 404 3383 ad
418 3331 518 3383 Fabric.
534 3328 593 3382 Vol.
608 3332 634 3396 l,
674 3271 692 3324 p
709 3330 747 3403 (9)
760 3333 814 3399 Qui
823 3332 920 3384 factum
933 3332 979 3397 sit,
994 3346 1061 3386 utet
1074 3335 1174 3407 prosai-

170 3411 234 3464 656.
676 3414 712 3464 cis
727 3427 753 3465 et
768 3411 888 3483 elegiacis
904 3411 998 3464 fabulis
1011 3432 1106 3468 nomen
1121 3416 1178 3466 llo-⁴

164 3488 456 3561 (3)Advers.t.111,c.
472 3509 512 3543 aa.
675 3491 738 3545 muli
751 3493 938 3565 praefigeretur,
952 3492 1042 3565 paullo
1057 3510 1117 3549 ante
1129 3495 1176 3548 de·

165 3567 205 3638 (4)
217 3569 333 3621 itinerar.
341 3569 480 3637 Cambrire,
490 3571 518 3620 1..
530 3571 566 3634 ll,
577 3587 634 3640 cap.
676 3585 848 3623 monstratum
859 3585 905 3624 eat.
954 3625 957 3634 ,

158 3648 233 3712 ,coll
245 3651 369 3722 lessingii
379 3652 464 3701 Anou.
475 3669 502 3722 p.
516 3648 557 3701 53.
711 3649 889 3723 (ro)Fabricii
898 3652 924 3703 B.
935 3651 1006 3705 L'l'.
1017 3655 1050 3720 ll,
1062 3673 1121 3725 pag.
1134 3671 1176 3725 29,

165 3727 206 3800 (5)
219 3728 247 3779 L.
262 3747 284 3780 c.
676 3728 736 3782 coll.
747 3731 800 3784 Pet.
811 3729 899 3784 Albini
906 3731 1028 3785 Chronic.
1037 3735 1175 3788 Misenenr.

167 3807 207 3880 (6)
218 3808 318 3860 Prolus.
335 3810 377 3861 cit.
393 3827 419 3880 p,
434 3806 475 3863 55.
676 3827 702 3881 p.
719 3810 785 3881 357,
800 3830 852 3883 quo
866 3810 926 3863 loco
940 3810 994 3864 brec
1010 3811 1100 3865 litteris
1115 3833 1178 3867 cou-

166 3891 206 3963 (7)
220 3891 328 3943 Factum
338 3889 390 3943 hoc
400 3904 554 3962 propterea,
567 3889 638 3962 quod
679 3890 780 3960 signata
801 3888 936 3962 leguntur:
959 3890 1059 3943 Hielrer
1072 3891 1182 3965 qeddnt

158 3972 261 4042 inopus,
277 3983 380 4036 auctor,
393 3972 528 4021 materiam
539 3967 639 4022 fabula·
678 3988 729 4023 was
744 3969 877 4023 Fabricius
893 3969 928 4021 ad
940 3966 1096 4024 Damiannm
1109 3971 1178 4023 l'llu-

158 4068 190 4100 un
198 4050 303 4119 reperit.
315 4050 347 4098 V.
358 4048 575 4118 Iessingiidnon.
584 4050 639 4099 Ne-
677 4049 748 4119 gium
758 4048 935 4124 percbrieben:
952 4072 964 4096 ι
973 4068 1023 4119 ego
1034 4064 1103 4102 certe
1112 4052 1179 4106 ‘mter

158 4128 181 4181 el.
198 4149 225 4200 p.
241 4127 283 4180 56.
678 4126 740 4179 lulii
752 4128 835 4180 nostri
843 4125 979 4180 felicitates
990 4126 1059 4180 hauc
1070 4146 1179 4182 numere

168 4210 208 4280 (8)
221 4211 281 4276 Qua
289 4213 443 4264 auctoritate
451 4207 577 4262 Cbriariua
584 4207 639 4260 bec
679 4208 795 4273 unicam,
807 4206 880 4281 quod
891 4225 972 4278 quum
984 4206 1105 4261 doctores
1113 4226 1181 4289 pre-
