2820 5018
505 424 893 493 sumsimus
1155 429 1218 520 sm

175 565 296 630 Celtica!
307 564 433 628 nemart
447 586 525 647 upon
538 587 558 623 a
568 585 688 646 passage
702 567 734 623 in
745 561 883 623 Ptoedms
897 564 930 623 in
943 565 1079 626 Memoirs
1089 570 1128 653 of
1134 571 1221 631 Litte-

175 669 272 717 ratum
287 656 361 738 1726
372 677 413 715 m.
426 655 511 714 Maii.
524 654 617 713 Putat
628 665 744 727 autem,
757 654 891 712 incitatus
901 652 981 712 idem
994 653 1129 716 hocloco
1143 679 1219 735 esse,

175 744 260 824 quod
275 747 393 817 incitus,
409 757 438 802 et
450 742 601 816 indicare,
615 741 726 823 lupum
738 753 862 822 repente
873 740 911 800 ad
924 763 1041 822 agnum
1051 742 1220 821 adsiluisse,

176 831 343 893 Phaedrum
359 832 464 892 eodem
479 831 573 893 modo
589 852 636 890 am
649 850 701 889 seu
715 850 781 889 noce
796 828 893 889 dicere
909 831 1055 911 potuisse,
1071 853 1132 912 quo
1147 834 1223 893 dixit

167 923 262 1007 fauce
278 921 422 1005 impmba3
433 923 484 982 sed
497 921 645 1004 posterius
657 920 753 980 atroci
769 918 835 1000 lupi
849 918 977 980 facinori
991 921 1089 979 visum
1104 938 1221 982 accom-

177 1011 340 1072 modatius.
358 1013 505 1071 Praeterea
520 1030 638 1090 agnum
652 1007 758 1090 procul
770 1006 902 1067 abfuisse
920 1029 938 1066 a
951 1008 1026 1089 lupo
1039 1007 1140 1089 (longe
1152 1013 1223 1092 infe·

177 1100 252 1176 rior)
266 1113 295 1158 et
311 1100 335 1158 si
352 1101 487 1157 incitatus
501 1117 567 1156 non
584 1117 620 1156 eo
636 1115 726 1155 sensu
740 1094 892 1176 capiatur,
906 1115 968 1176 quo
983 1097 1046 1176 ipse
1060 1095 1127 1154 vult
1140 1099 1224 1178 capi,

176 1185 306 1267 intelligi
323 1208 388 1246 non
406 1206 507 1269 posse,
525 1188 578 1266 qul
597 1183 663 1244 lieri
681 1186 830 1267 potuerit,
847 1197 883 1242 ut
900 1204 996 1264 agnus
1012 1184 1122 1266 lupum
1137 1185 1225 1245 audi·

179 1289 224 1334 ret
237 1275 424 1358 loquentem.
439 1279 498 1336 Fac
512 1275 610 1348 enim,
622 1275 733 1357 lupum
747 1276 780 1333 in
792 1294 848 1334 suo
861 1274 942 1348 loco,
955 1273 1063 1356 procul
1075 1275 1114 1333 ab
1128 1296 1225 1356 agno,

178 1365 361 1440 constitisse,
376 1363 475 1438 hunc,
490 1361 578 1422 nullo
591 1362 663 1422 dato
678 1382 840 1443 responso,
852 1360 927 1441 fuga
937 1360 1065 1420 salutem
1077 1382 1139 1421 esse
1152 1362 1227 1443 peti·

178 1463 294 1510 turum.
308 1452 397 1512 Conf.
410 1455 504 1531 Leipz.
518 1472 590 1509 neue
601 1452 675 1509 Zeit.
688 1471 745 1508 von
756 1447 819 1509 Get.
832 1447 920 1509 Saclr.
934 1468 1006 1506 ann.
1023 1452 1112 1530 1728,
1125 1461 1159 1508 n⁰
1177 1449 1226 1524 13,

179 1561 210 1620 p.
230 1541 294 1600 125.
311 1541 366 1600 Scd
380 1543 428 1600 vix
443 1539 600 1613 credibile,
609 1540 701 1621 fauce
715 1536 822 1597 dixisse
839 1536 1002 1596 Phaedrum
1019 1558 1076 1618 pro
1095 1558 1155 1609 ore,
1174 1559 1227 1597 seu

178 1650 260 1701 voce,
271 1651 369 1709 quum
381 1629 461 1689 istud
471 1628 656 1688 vocabulum
666 1648 755 1689 sensu
765 1639 935 1687 memorato
944 1628 978 1685 in
988 1627 1092 1707 priscis
1103 1629 1229 1709 scripto·

179 1717 267 1777 ribus
283 1739 349 1778 non
366 1732 520 1792 occurrat,
536 1736 571 1779 ut
584 1719 692 1779 Lexica
705 1718 824 1778 docent.
839 1716 956 1777 Deinde
971 1736 1068 1796 agnus
1085 1736 1148 1775 non
1164 1730 1229 1776 tam

180 1807 286 1888 procul
301 1830 319 1867 a
333 1809 406 1890 lupo
418 1811 531 1869 stetisse
544 1808 701 1890 putandus
712 1823 769 1882 est,
784 1822 820 1867 ut
830 1805 914 1866 hunc
926 1805 1031 1865 audire
1043 1826 1109 1864 non
1123 1819 1230 1887 potue·

180 1894 222 1952 rit
241 1894 470 1957 vociferantem.
492 1899 597 1978 Lupus
619 1897 768 1978 denique,
787 1898 868 1955 iuter
886 1896 979 1968 rixas,
1000 1894 1094 1951 citato
1115 1892 1230 1974 gradu,

182 1981 342 2062 paullatim
359 1986 467 2066 praedae
484 1986 627 2045 accedens
642 1987 782 2068 propius,
798 2006 914 2066 agnum
928 1995 1105 2063 correptum
1120 1982 1233 2042 lacera·

183 2068 237 2127 vit.
254 2071 330 2146 Quae
346 2093 416 2133 vero
430 2075 585 2133 brevitatis
601 2074 752 2133 studiosus
766 2085 855 2154 poeta
868 2092 902 2131 ex
916 2085 1002 2153 parte
1019 2072 1131 2130 omisit.

226 2157 270 2218 Cl.
291 2160 397 2219 Jacobs
414 2163 633 2245 interpretatur
650 2165 801 2234 incitatus,
821 2162 949 2220 incitato
968 2162 1101 2240 impetu,
1124 2158 1231 2241 hastiq,

184 2245 376 2330 auffalioend5
392 2249 443 2308 sed
453 2253 545 2332 fauce
562 2250 711 2330 improba,
727 2250 887 2329 improbe3
904 2262 939 2307 ut
955 2270 1028 2307 mox
1045 2245 1152 2329 injusta
1166 2269 1234 2309 nece

185 2352 254 2415 pro,
262 2332 389 2414 injuste,
401 2337 484 2415 quod
496 2350 574 2396 recte
584 2335 726 2415 rejiciunt
735 2336 879 2397 Censores
889 2333 968 2395 docti
979 2336 1011 2394 in
1022 2336 1060 2393 A.
1071 2339 1104 2395 L.
1112 2339 1148 2394 Z.
1160 2356 1233 2396 ann.

193 2421 283 2500 17853
300 2421 342 2496 ll,
362 2424 414 2482 281
427 2467 435 2496 ,
449 2422 521 2480 item
533 2422 566 2480 in
579 2419 704 2502 Ephrem.
719 2424 785 2481 Litt.
798 2421 922 2483 Gothan.
941 2423 1031 2504 1785,
1045 2446 1073 2505 p.
1088 2420 1123 2497 [μ
1133 2446 1161 2499 t,
1179 2443 1234 2483 nec

189 2528 256 2569 uon
266 2508 311 2567 Cl.
323 2508 453 2571 Salsulae.
467 2511 535 2570 Vid.
550 2508 597 2590 Ej.
610 2508 751 2569 Anmerls.
764 2532 800 2570 ru
812 2509 928 2570 Phoedri
936 2511 1060 2585 Fabelm
1074 2535 1103 2593 p.
1116 2512 1144 2571 6.
1155 2513 1235 2573 Nam

189 2609 219 2655 et
232 2598 272 2656 sic
285 2599 410 2681 risanae
425 2597 556 2680 improba
569 2597 765 2680 jungendum
782 2619 852 2658 cum
867 2620 998 2658 caussam
1014 2597 1125 2673 intulit,
1141 2613 1171 2658 et
1186 2620 1236 2658 ca·

189 2683 337 2763 piendum
351 2706 409 2766 pro
426 2706 506 2758 vace,
523 2706 575 2744 seu
588 2707 649 2759 ore,
666 2686 750 2766 quod
765 2685 915 2745 diceretur
929 2687 993 2745 sine
1006 2686 1155 2767 exemplo.

229 2774 272 2831 Ex
288 2794 350 2854 quo
364 2775 560 2854 intelligitur,
577 2788 694 2856 quanto
710 2774 835 2835 fallatur
849 2796 940 2859 opere
956 2776 993 2835 cl.
1008 2798 1067 2835 vau
1080 2781 1193 2858 Berpen
1204 2777 1237 2835 in

190 2862 265 2922 Crit.
282 2859 451 2920 Observatt.
469 2884 535 2942 cap.
551 2864 663 2936 xxlll,
681 2885 710 2944 p.
729 2862 783 2938 51,
799 2863 944 2936 scribens,
963 2865 1102 2922 “Omnes
1118 2886 1167 2922 eas
1183 2886 1236 2923 vo·

190 2971 238 3010 ces
251 2951 353 3032 (fauce
364 2950 513 3031 improba)
526 2972 596 3011 cum
613 2951 775 3033 participio
792 2955 942 3025 incitatus,
959 2972 1067 3025 nemo,
1084 2964 1238 3030 quantum

190 3037 284 3111 novi,
301 3057 372 3095 cum
388 3036 481 3097 verbo
499 3036 596 3097 intulit
614 3037 843 3119 conjungendas
859 3039 995 3118 putavit,
1011 3036 1094 3118 quod
1111 3038 1135 3095 si
1151 3035 1238 3095 fecis·

191 3139 272 3199 sent,
292 3140 402 3185 cuncta
421 3126 526 3186 forent
546 3126 699 3208 expedita,
724 3148 823 3208 neque
845 3127 1061 3187 emendatione
1080 3147 1157 3207 opus
1177 3146 1239 3185 esse

193 3215 389 3274 sensissent„
404 3216 457 3275 Vir
474 3214 583 3275 doctus
598 3229 701 3275 autem
719 3215 803 3276 hunc
819 3216 921 3276 locum
940 3218 981 3275 ita
1003 3217 1240 3297 interpretatur:

194 3303 298 3384 Lupus
314 3317 344 3363 et
358 3324 457 3384 agnus
474 3318 621 3363 venerant
635 3305 674 3365 ad
691 3303 833 3365 eumdem
848 3306 990 3365 rivum...
1005 3303 1084 3362 latro
1097 3304 1240 3365 incitatus

191 3390 384 3471 (opportuna
401 3392 558 3451 occasione
571 3412 689 3472 agnum
704 3390 917 3474 opprimendi)
931 3391 1071 3472 improbo
1089 3410 1142 3449 ore
1154 3390 1239 3451 iutu-

194 3477 230 3538 lit
244 3501 380 3540 caussam
391 3479 495 3562 jurgii.
507 3480 544 3539 ln
551 3501 616 3563 quo
626 3480 707 3541 nihil
719 3502 782 3542 ease
791 3494 892 3563 putat,
904 3481 985 3562 quod
999 3482 1162 3561 quisquam
1170 3481 1241 3563 jure

193 3565 404 3647 reprehendat.
421 3570 560 3628 Incitatus
571 3569 656 3629 euim
670 3589 749 3651 saepe
762 3568 874 3643 solum,
890 3570 954 3628 sine
967 3568 1071 3628 addita
1087 3570 1240 3631 incitatio·

193 3653 241 3712 nis
255 3677 373 3732 caussa,
387 3678 558 3735 occurrere,
572 3673 665 3738 atque
675 3659 709 3718 in
720 3678 836 3719 nornen
848 3657 1032 3740 adjectivum
1042 3659 1240 3740 degenerare,

195 3741 281 3822 quod
298 3745 400 3805 multis
416 3761 552 3807 vetemm
567 3748 754 3828 scriptorum
769 3747 912 3829 exemplis
930 3747 1050 3830 probat.
1070 3747 1117 3806 Sic
1133 3767 1241 3806 occur·
1312 3782 1315 3787 ·

197 3850 264 3889 rere
277 3832 408 3894 incitatus
424 3835 517 3909 miles,
533 3859 637 3917 equus,
653 3836 773 3919 gradus,
788 3851 844 3897 etc.
859 3837 897 3896 de
910 3838 1022 3918 quibus
1038 3835 1099 3895 vid.
1117 3835 1171 3895 lib.
1189 3837 1241 3896 cit.

198 3915 331 3993 Deinde,
346 3920 422 3981 sicut
435 3920 575 3983 homines
590 3945 637 3984 ore
650 3927 716 4006 pio,
731 3925 867 4007 placido,
881 3925 1001 4006 quieto,
1017 3924 1169 3996 mendaci,
1185 3925 1242 3981 im·

199 4003 249 4083 pio
264 4002 446 4083 loquuntur,
461 4010 502 4068 ita
517 4010 627 4092 lupum
635 4014 728 4094 fauce
744 4013 885 4094 improba
899 4011 994 4092 jurgii
1007 4032 1144 4070 caussam
1159 4011 1241 4067 intu-

197 4091 275 4150 lisse.
287 4093 327 4150 Ut
341 4114 412 4154 vero
422 4098 529 4177 probet
541 4100 738 4160 Latinitatem
747 4113 792 4161 τοῦ
787 4104 890 4247 (aare
898 4122 956 4181 pro
968 4123 1029 4174 ore,
1040 4099 1164 4160 adducit
1173 4096 1241 4155 loca

199 4176 300 4236 Ovidii
317 4179 389 4241 Met.
407 4184 449 4259 ll,
465 4187 530 4246 283.
541 4189 580 4250 .V
578 4190 609 4246 ix
624 4187 769 4268 equidem,
799 4209 886 4248 aucas
900 4185 961 4247 laec
975 4189 1037 4266 ipsa
1051 4189 1082 4246 in
1097 4181 1182 4245 verda
1198 4203 1241 4242 re·
