2820 5018
159 418 222 482 518
510 406 780 473 EXGURSUS
803 406 857 472 tx

157 555 322 628 verisimile
333 552 493 617 videbatur
510 549 690 622 Gronovio,
705 567 740 609 ex
752 549 872 628 integra
888 568 971 609 voee
985 553 1127 632 priorem
1136 549 1213 631 sylla·

157 644 231 707 bam
250 643 415 708 evanuisse.
429 635 587 698 Richterus
606 638 640 694 in
659 635 743 716 Spec.
758 635 831 695 obs.
847 638 917 697 crit.
932 651 967 697 et
982 639 1020 703 iu
1034 659 1091 699 sua
1107 635 1216 703 Pbedri

158 734 295 795 editione
309 732 466 813 ingeniose
480 724 619 808 profecto
634 722 760 806 conjicit
774 723 897 786 etitem.
911 727 1005 787 Dicit
1019 730 1125 802 euim,
1137 726 1215 787 libra·

160 824 223 883 rios
235 822 415 904 plerumque
428 818 541 877 litteras
554 835 699 875 versuum
711 814 843 875 initiales
858 817 1027 892 omisisse,
1044 832 1082 878 ut
1096 815 1216 877 videtne

160 929 210 969 eas
223 909 320 968 minio
333 901 504 989 pingerent.
517 902 595 978 Quae
610 899 785 982 conjectura
799 903 839 962 ita
852 902 981 984 placuit
993 906 1149 978 Bentlei0‚
1159 905 1216 963 liro

160 999 260 1072 turio,
271 995 395 1055 Lalleru.
405 992 532 1055 Desbill.
543 1004 578 1053 ut
587 993 756 1073 reciperent
766 994 799 1051 in
809 1006 1012 1054 contextum.
1024 995 1085 1055 Sed
1095 991 1215 1055 rectem

162 1097 261 1153 servat
272 1084 486 1156 Burmannus,
498 1078 621 1141 Phaedri
635 1077 753 1140 fabulas
765 1077 843 1143 olim
856 1101 926 1141 non
941 1103 1002 1162 per
1016 1081 1215 1160 vetursdispo

162 1172 250 1245 sites,
265 1169 317 1231 sed
329 1171 480 1230 contiuuo
493 1188 635 1229 sermone
648 1169 835 1249 conscriptas
850 1166 952 1231 fuisse
966 1191 986 1231 a
1004 1167 1176 1239 monadis,
1185 1180 1212 1226 ut

162 1276 180 1315 e
199 1256 345 1330 Nilantii,
367 1255 493 1317 Romuli
514 1268 544 1315 et
562 1255 697 1315 aliorum
717 1252 831 1319 fabulis
852 1270 1032 1337 appareat,
1056 1278 1132 1339 quas
1148 1255 1210 1315 true

162 1345 256 1403 etiam
273 1342 499 1426 interpolatim.
514 1346 612 1424 Atque
627 1343 717 1401 etiam
730 1342 918 1416 Brotierius‚
935 1346 997 1425 qui
1012 1343 1096 1404 eod.
1110 1342 1159 1403 ott
1169 1339 1208 1398 Pi·

163 1430 240 1492 thoei
255 1435 287 1491 in
302 1434 447 1497 manibus
458 1432 581 1507 habuit,
596 1445 734 1506 testatur,
747 1429 873 1490 Phredri
885 1431 1036 1509 fabulas,
1048 1448 1089 1495 ut
1099 1450 1208 1519 presan,

163 1540 232 1579 uon
248 1534 283 1579 ut
298 1541 418 1595 versus,
437 1543 454 1580 a
472 1519 603 1583 librariis
619 1519 782 1600 descriptas
799 1517 904 1579 fuisse.
922 1521 1116 1581 Gronovius
1130 1518 1211 1587 dooet,

165 1607 309 1671 ultimam
323 1611 473 1693 syllabam
490 1612 524 1673 iu
539 1611 663 1673 toxicum
679 1610 813 1690 potuisse
824 1607 1003 1670 absorbere
1017 1610 1212 1693 sequeutisro

166 1697 208 1757 cis
222 1700 373 1779 primam,
388 1698 471 1759 unde
485 1696 537 1759 itte
551 1694 639 1779 lacit,
656 1708 717 1761 tum
732 1693 843 1769 tttem,·
860 1697 955 1776 quod
971 1694 1077 1779 rejicit
1088 1700 1215 1759 Burman

167 1806 236 1844 uus.
251 1786 329 1862 Quae
342 1789 427 1847 euim
440 1800 516 1847 esset
529 1782 696 1858 scabritias,
710 1781 813 1847 deinde
826 1782 997 1857 sinrulcms,
1013 1799 1073 1846 etc.
1088 1779 1215 1844 tumltiie

168 1892 198 1931 m
203 1867 305 1953 jussit,
321 1888 350 1933 et
363 1894 436 1934 mox
452 1893 512 1953 seq.
528 1872 639 1931 iterum
653 1890 740 1931 versu
756 1866 805 1930 ille
819 1882 881 1929 tum
898 1874 1057 1954 confessus
1072 1885 1120 1932 est
1134 1871 1216 1945 Quart

168 1961 295 2023 mollius
304 1959 422 2042 judicat
436 1963 560 2021 toxicum
576 1956 733 2019 combibere
738 1951 840 2036 jmsit,
854 1957 998 2021 laudans
1012 1963 1122 2021 Horat.
1135 1957 1183 2016 lib.
1193 1955 1217 2027 l,

153 2040 434 2128 '0d.xxxv11,28;
448 2049 538 2111 Ovid.
551 2050 622 2109 Met
634 2049 707 2124 Vll,
721 2052 787 2130 287.
801 2047 909 2109 Nihilo
926 2071 1009 2112 vero
1024 2056 1120 2113 secius
1134 2048 1217 2127 vulgar

170 2154 240 2201 tum
254 2144 366 2201 servari
380 2161 469 2224 posse
481 2153 584 2221 putat,
597 2140 669 2221 quia
673 2130 775 2220 jubete
788 2136 897 2213 iibere,
910 2139 990 2201 dare
1003 2142 1099 2203 bidem
1110 2140 1166 2200 lere
1175 2135 1217 2198 sol

168 2229 286 2292 lemnes
302 2245 375 2292 sunt
392 2231 572 2291 locutiones.
592 2227 743 2311 Equidem
762 2227 926 2291 combibere
937 2227 1033 2313 jussit
1052 2233 1214 2314 recepitur

171 2320 363 2403 Bipontiuis,
380 2340 436 2379 uec
453 2319 618 2378 immerito.

212 2408 264 2467 Vs.
285 2411 328 2468 18.
342 2410 378 2468 ln
391 2407 471 2467 MSS.
485 2405 566 2467 Pith.
583 2409 665 2475 llem.
679 2419 709 2466 et
719 2418 791 2466 vett.
802 2406 898 2466 Editt.
912 2407 972 2473 hic
984 2432 1090 2471 versus
1101 2413 1139 2470 ita
1148 2402 1215 2466 exhi·

171 2496 280 2557 betur:
300 2518 424 2578 quorum
443 2495 568 2556 stultitiae
588 2508 711 2575 quaestus
733 2495 917 2576 impudentia
946 2515 1000 2561 ert.
1022 2502 1090 2563 lloc
1108 2511 1217 2558 testatur

171 2585 299 2645 Brotier.
319 2586 356 2642 At
375 2585 494 2642 Gudius
515 2586 546 2641 in
562 2585 624 2643 MS.
645 2583 721 2643 Cod.
738 2586 792 2666 qui
811 2605 879 2643 uon
895 2586 984 2649 alius
1004 2605 1059 2664 est,
1074 2607 1158 2668 quam
1171 2583 1212 2639 Pi·

172 2668 265 2741 thoei,
280 2672 323 2728 ait
335 2690 365 2729 se
377 2670 521 2749 reperisse
534 2670 743 2749 imprudentia,
757 2693 850 2752 quam
863 2672 1038 2737 lectionem
1047 2689 1136 2735 tuetur
1146 2691 1161 2727 e
1171 2688 1207 2724 vs·

175 2779 229 2833 11,
245 2755 338 2835 hujus
352 2755 482 2830 fabulae,
499 2758 530 2815 ie
548 2757 631 2816 elil).
648 2759 693 2832 11,
708 2756 768 2817 fab.
784 2760 843 2835 lll,
860 2760 898 2832 63
914 2761 976 2822 lib.
993 2765 1046 2837 lv,
1058 2761 1157 2833 fahs,
1168 2753 1210 2829 iis

172 2851 221 2913 Au
234 2845 313 2907 forte
325 2845 469 2907 alterutra
480 2845 569 2907 lectio
581 2862 623 2907 est
634 2870 651 2909 a
664 2869 760 2909 mauu
772 2850 928 2910 secunda?
940 2853 1031 2914 conf.
1044 2855 1109 2914 Eu.
1119 2850 1172 2919 xl,
1182 2844 1213 2906 ad

172 2937 227 3000 tib.
246 2937 276 3012 l,
297 2934 396 2997 fabul.
416 2936 511 3009 XXV,
527 2936 563 3010 6,
586 2958 613 3016 7.
634 2937 792 2996 Nordetus
815 2937 935 3000 edidit:
962 2964 1092 3023 quorum
1108 2939 1215 3001 stultitia

173 3037 295 3105 quastus
312 3023 507 3105 imprudentia
522 3037 571 3083 est.
590 3027 636 3085 Sic
656 3046 780 3105 quoque
798 3028 899 3108 prima
921 3030 1069 3111 Rigaltii3
1092 3047 1155 3109 que
1171 3024 1214 3083 lea

173 3115 217 3171 tio
233 3112 332 3171 Fabro
348 3132 412 3170 nou
427 3108 573 3191 displicet.
590 3111 767 3170 Gronovius
779 3126 807 3170 et
819 3113 936 3174 ilarius
952 3116 1080 3176 stultitia
1095 3115 1214 3175 uomina·

173 3204 238 3261 tivo
253 3222 324 3261 casu
341 3201 477 3282 positum
492 3199 637 3274 creduut,
652 3198 711 3260 hoc
727 3223 834 3276 seusu,
850 3217 885 3262 ut
898 3204 968 3286 ipsa
984 3205 1117 3267 stultitia
1129 3220 1156 3263 et
1169 3203 1214 3260 iut-

172 3295 281 3373 peritia
295 3295 333 3353 sit
347 3303 496 3372 quaestus,
516 3294 532 3350 i.
548 3312 573 3350 e.
589 3308 738 3374 questum
755 3294 892 3374 praebeat
910 3296 1157 3376 impudentibus
1172 3287 1215 3352 Sel

173 3383 232 3462 ipsi
244 3379 394 3439 diffidunt
405 3378 477 3440 ltuic
487 3383 686 3463 expositioni·
698 3379 771 3441 ltine
781 3382 904 3442 malunt
912 3389 1055 3465 quaestui.
1066 3388 1114 3449 Sic
1123 3387 1144 3446 F
1145 3382 1217 3444 relat·

172 3465 310 3541 hemim,
347 3467 405 3548 legi
436 3465 564 3548 jubens,
592 3490 717 3549 quorum
744 3467 867 3529 stultitia
891 3475 1019 3550 quaestui
1049 3469 1215 3554 impudenter

173 3566 223 3617 est.
249 3554 387 3628 Quaestui
412 3569 514 3614 autem
539 3556 685 3615 dicuntur
708 3553 852 3617 homines
875 3577 958 3633 esse,
984 3560 1157 3641 exquibus
1172 3552 1213 3614 alii

173 3655 326 3723 quaestum
337 3644 471 3721 capiunt.
483 3646 548 3702 Liv.
560 3644 614 3703 lib.
624 3643 676 3719 Ν,
688 3646 739 3720 30,
750 3643 787 3704 de
796 3645 976 3707 sacrificulis
988 3674 1002 3703 ιι
1013 3651 1132 3731 quibus
1141 3663 1216 3728 qu&

174 3731 221 3791 tui
237 3741 310 3789 sunt
325 3729 405 3808 capti
422 3730 689 3809 superstitionibus
705 3734 811 3791 animi.
823 3760 837 3789 s
858 3736 989 3817 Quoestrai
996 3783 1005 3810 ,
1024 3737 1116 3818 quod
1131 3732 1218 3795 multis

174 3818 241 3878 aliis
256 3817 371 3899 placet,
386 3817 507 3898 praefcrt
523 3818 680 3880 Richterus
694 3836 723 3881 et
737 3824 769 3881 in
784 3838 964 3884 contextum
978 3830 1113 3910 recepit,
1126 3842 1219 3907 appu>

174 3909 267 3969 hante
283 3910 488 3982 Heumanuo;
506 3906 570 3968 laec
588 3912 628 3969 ita
645 3911 813 3993 explicant:
830 3936 968 3995 quorum
983 3917 1118 3978 stultitia
1134 3920 1219 3995 impu·

174 4002 278 4061 dentes
287 3997 429 4057 homiues
438 4012 571 4059 utuntur
580 4001 617 4060 ad
626 4017 779 4083 quiestum
787 4025 887 4064 suum.
896 4006 966 4066 Vid.
976 4008 1012 4067 N.
1022 4009 1058 4069 B.
1069 4010 1103 4069 P.
1112 4004 1220 4077 xxvll,

176 4113 243 4172 pag.
269 4089 336 4150 606.
361 4088 520 4170 Bipontini
544 4090 724 4150 ediderunt:
750 4115 875 4174 quartem
893 4095 1018 4155 stultitia
1039 4097 1159 4179 questui
1175 4095 1221 4150 lm·

175 4176 334 4257 prudentia
352 4189 402 4238 est.
421 4177 477 4238 Sed
498 4177 593 4241 durus
612 4179 732 4239 ridetur
750 4182 932 4242 Burruauuo
948 4181 1094 4246 duorum
1113 4183 1219 4246 dativo«
