2820 5018
475 454 536 514 sn
561 450 652 513 tm.
678 452 691 512 1
718 451 811 514 rau
836 452 935 517 xrv.
1162 456 1233 540 517

179 590 328 662 toxicum,
342 602 375 648 ut
388 590 597 663 simulaverat,
611 590 727 664 bibere3
742 592 838 649 immo
851 612 922 651 vcro
936 613 984 651 res·
996 605 1156 673 aegrotasse
1167 613 1226 653 cte·

178 674 296 736 dendus
309 691 361 738 est.
372 679 451 737 Vero
466 679 550 737 enim
565 677 692 737 similius
709 678 843 752 videtur,
861 695 1010 754 autorem,
1027 679 1180 740 medicum
1196 700 1227 739 se

170 762 392 843 profitentem,
408 787 426 824 a
442 786 512 846 rege
528 765 710 824 advocatum
725 764 834 840 fuisse,
848 787 942 848 quam
957 787 1057 846 regem
1073 767 1111 826 ad
1129 787 1226 847 aegro-

176 863 293 911 tantem
310 866 445 913 sutorem
458 854 629 928 accessisse,
644 850 715 934 qui,
734 854 843 912 morbo
859 853 1141 927 liberatus„melius
1157 868 1224 914 ten·

175 942 234 997 tari
244 955 388 1021 poterata
399 964 475 1023 rege.
486 944 543 1001 Rex
554 955 657 1000 autem
666 941 713 1001 vel
724 944 851 1021 cogitari
863 954 960 1024 potest
970 940 1122 1002 medicum
1133 964 1224 1026 prop-

178 1043 224 1087 ter
237 1032 397 1112 imperitiae
412 1035 617 1114 suspicionem
631 1033 830 1108 arcessivisse,
843 1045 877 1092 ut
888 1054 957 1092 eum
970 1045 1112 1104 tentaret,
1125 1055 1223 1114 neque

177 1117 237 1181 hoc
249 1122 413 1203 indignum
425 1144 494 1202 repe
507 1122 761 1196 existimandum,
775 1122 813 1181 de
823 1125 885 1182 vita
897 1125 1011 1183 civium
1024 1121 1153 1183 sollicito
1165 1125 1224 1201 (r);

176 1210 223 1268 vel
239 1212 387 1287 medicus,
401 1213 438 1272 de
455 1212 565 1271 morbo
578 1216 656 1294 regis
670 1214 781 1272 certior
795 1212 907 1286 factus,
921 1212 1002 1273 credi
1017 1227 1115 1294 potest
1128 1234 1222 1274 acces·

176 1297 247 1356 sisse
257 1290 295 1357 ad
309 1320 426 1378 regem,
439 1313 468 1358 et
479 1321 605 1381 operam
617 1321 704 1359 suam
717 1299 871 1358 obtulisse.
883 1300 923 1358 Et
936 1320 1007 1358 sane
1020 1298 1159 1382 scyphum
1171 1322 1241 1381 po·.

175 1390 278 1467 poscit,
291 1402 389 1469 potest
401 1388 496 1448 videri
509 1392 586 1467 regis
599 1391 705 1468 :egroti
718 1409 793 1462 esse,
805 1390 859 1468 qui
873 1388 1128 1450 medicamentum
1141 1411 1223 1451 exeo

175 1477 291 1536 biberet
302 1500 310 1549 3
326 1499 398 1536 nam
410 1479 443 1536 in
456 1499 492 1538 eo
504 1478 681 1539 antidotum
693 1477 784 1538 fuisse
797 1477 969 1537 verosimile
982 1491 1039 1553 est,
1051 1483 1101 1539 cui
1113 1501 1162 1539 rex
1174 1503 1222 1541 su·

176 1564 310 1644 perfudit
321 1587 448 1645 aquam,
461 1565 623 1638 simulans,
634 1587 663 1626 se
674 1568 772 1647 ipsum
784 1566 920 1624 toxicum
931 1566 1055 1624 miscere
1064 1567 1222 1644 antidoto,

176 1667 206 1712 et
220 1667 294 1714 tunc
304 1653 408 1734 jussit,
425 1656 577 1717 medicum
593 1659 695 1737 ipsum
709 1655 829 1714 ebibere
842 1666 877 1714 ut
886 1656 1074 1735 experiretur
1087 1676 1157 1714 eum
1172 1657 1222 1737 (2).

178 1743 214 1798 dt
234 1743 317 1800 enim
340 1741 445 1821 objicit
466 1745 684 1803 Burmannus:
706 1745 873 1802 concionem
894 1740 1052 1814 advocare,
1075 1745 1123 1800 vix
1144 1747 1224 1825 regi,

177 1830 288 1887 morbo
304 1830 445 1890 confecto
467 1833 568 1912 gravi,
588 1833 753 1890 convenire
773 1830 909 1901 videtur3
926 1830 985 1887 nisi
1002 1826 1155 1903 dicamus,
1172 1851 1225 1889 vo·

177 1935 242 1974 cem
259 1920 426 1976 coercionem
442 1917 492 1978 lric
509 1939 574 1976 non
590 1939 652 1976 esse
667 1919 708 1977 ita
722 1919 846 1999 proprie
860 1914 1059 1990 sumendam,
1074 1929 1108 1975 ut
1124 1929 1225 1976 totum

177 2000 329 2082 populum
343 2002 381 2062 ad
397 2007 762 2079 concionem'vocaverit,
777 2004 826 2063 sed
842 2002 1011 2085 quosdam,
1028 2023 1107 2084 quos
1122 2002 1226 2062 audie·

176 2103 224 2147 rat
239 2111 269 2148 se
282 2094 468 2151 commisisse
483 2095 530 2151 isti
546 2093 665 2152 medico
680 2095 822 2173 imperito
837 2107 866 2151 et
881 2090 1070 2173 impudenti3
1087 2090 1134 2149 vel
1149 2104 1227 2151 certe

177 2180 305 2255 amicos,
316 2183 509 2261 magistratus
519 2182 603 2241 urbis
615 2197 644 2240 et
656 2195 822 2253 senatores,
834 2201 911 2262 quos
923 2183 956 2239 in
966 2177 1143 2240 cubiculum
1154 2199 1226 2238 con·

178 2269 280 2326 venire
293 2266 392 2348 jussit.
404 2272 520 2331 Verum
536 2273 619 2330 enim
635 2292 708 2330 vero
725 2267 904 2330 vox'concio
921 2271 1060 2344 arctiori,
1080 2288 1142 2348 quo
1159 2266 1227 2327 vult

176 2355 386 2433 Burmannus,
400 2381 488 2420 sensu
501 2364 550 2419 vix
561 2375 661 2442 potest
670 2363 737 2442 capi
747 2362 802 2439 (3),
813 2375 847 2419 ut
854 2359 918 2439 jam
931 2360 1006 2419 olim
1018 2359 1134 2417 notavit
1146 2358 1226 2416 lleu·

176 2445 328 2526 singarus,
346 2450 455 2507 airricos
470 2469 523 2529 per
540 2469 646 2507 vocem
662 2450 760 2507 concio
778 2446 907 2526 intelligi
924 2467 1011 2529 posse
1027 2465 1151 2525 negans.
1167 2443 1223 2502 Sed

175 2547 204 2591 et
216 2534 278 2593 alio
293 2536 388 2595 modo
402 2536 439 2595 ad
456 2536 522 2596 lraec
536 2550 634 2618 potest
649 2536 833 2618 responderi.
848 2537 918 2594 Non
933 2539 1017 2595 enim
1035 2557 1085 2594 rex
1101 2545 1223 2615 (cyrotus

175 2627 356 2684 concionem
370 2626 478 2708 populi
491 2626 653 2687 advocasse
664 2628 747 2687 credi
759 2627 861 2699 debet,
876 2625 925 2685 sed
939 2639 1102 2707 postquam
1115 2645 1223 2684 conva-

176 2710 234 2770 luit
244 2726 273 2771 et
284 2716 315 2772 in
326 2717 506 2773 concionem
518 2717 620 2797 potuit
631 2714 755 2796 prodire
764 2712 814 2792 (tl).
824 2713 909 2773 Talia
921 2716 1005 2773 enim
1015 2711 1162 2773 Plraedrus
1173 2732 1223 2771 sae·

175 2802 244 2879 pius
259 2803 374 2859 omittit
387 2801 567 2883 supplenda.
584 2804 659 2878 Quae
674 2805 785 2862 verosi
801 2804 904 2861 minus
920 2801 1074 2883 placeant,
1090 2805 1120 2861 τὸ
1134 2799 1223 2859 edidit

175 2902 276 2968 potest
290 2892 379 2947 etiarn
396 2892 436 2948 ita
451 2893 535 2972 capi,
550 2905 584 2950 ut
599 2911 699 2971 regem
714 2912 766 2972 per
779 2890 855 2949 alios
869 2889 998 2949 edidisse
1010 2904 1160 2972 putemus.
1175 2891 1222 2948 Sic

176 2978 260 3034 enim
273 2979 369 3035 activa
385 2997 450 3036 non
465 2998 534 3036 raro
548 2976 648 3037 solent
662 2978 800 3057 usurpari
812 2978 863 3056 (5).
876 2978 921 3035 lta
932 2994 1004 3035 vero
1019 2990 1145 3056 uterque
1156 2996 1221 3034 ver·

176 3084 227 3124 sus
247 3062 351 3122 locum
372 3085 462 3123 suum
482 3068 560 3124 tueri
582 3078 688 3147 potest.
711 3066 770 3123 Nec
787 3064 913 3136 desunt,
934 3065 988 3145 qui
1007 3062 1118 3121 malint
1134 3060 1221 3121 Plue-

175 3152 267 3213 drum
282 3156 449 3213 oscitantiae
461 3176 602 3233 arguere,
617 3176 711 3234 quam
723 3168 834 3214 tcmerc
845 3153 924 3213 duos
937 3151 1042 3232 ejicere
1055 3173 1157 3211 versus
1170 3153 1221 3231 (6).

217 3243 253 3301 V.
268 3265 297 3323 9.
311 3242 478 3303 combibere.
497 3245 533 3302 ln
554 3242 650 3302 Codd.
671 3243 752 3302 MSS.
765 3256 827 3300 cst:
847 3240 940 3300 bibere
951 3238 1039 3323 jussit
1056 3242 1148 3321 ipsum
1169 3261 1221 3321 po·

177 3333 230 3390 sito
247 3333 380 3410 prwmio,
403 3351 471 3409 quae
494 3332 575 3390 varie
596 3331 737 3412 supplere
757 3331 859 3389 conati
880 3342 953 3388 sunt
966 3329 1023 3386 viri
1036 3326 1129 3386 docti.
1149 3327 1222 3385 Vul-

176 3433 282 3497 gatum
298 3430 342 3477 est
357 3417 411 3476 lroc
427 3417 536 3492 litere,
556 3417 639 3499 quod
657 3433 701 3476 est
717 3420 749 3476 in
766 3416 909 3475 Editione
925 3412 1046 3475 Pithoei.
1063 3415 1221 3475 Neveletus

176 3505 270 3564 edidit
280 3503 373 3563 libem
383 3508 401 3563 i.
413 3507 432 3563 i.
442 3527 471 3586 p.
483 3528 512 3586 p.
524 3505 628 3564 mallet
638 3519 741 3564 tamen
752 3503 804 3564 lroc
814 3502 913 3562 bibere.
925 3505 1067 3563 Heinsius
1078 3501 1223 3577 ollulae,-

175 3592 226 3650 sed
244 3592 386 3652 nondum
401 3594 471 3651 satis
488 3606 552 3652 tuta
568 3607 611 3651 est
624 3590 716 3672 hujus
734 3591 816 3650 verbi
832 3591 995 3663 Latinitas3
1014 3610 1111 3671 neque
1128 3592 1220 3650 etiam

212 3750 251 3820 (r)
269 3753 326 3804 vid.
347 3753 387 3806 Cl.
407 3754 518 3807 Sclulze
536 3754 675 3806 Anmerll.
753 3752 793 3824 (d)
814 3754 856 3805 Sic
880 3750 941 3802 olim
963 3753 1051 3803 statui.
1070 3750 1128 3801 Vid.
1152 3751 1219 3802 Edit.

179 3848 206 3900 p.
219 3829 261 3897 39.
718 3830 830 3895 Phaedri,
841 3831 866 3880 P.
878 3834 902 3897 l,
916 3848 976 3901 pag.
989 3830 1030 3901 74.
1042 3827 1101 3880 coll.
1112 3830 1222 3881 llcusin·

214 3909 253 3979 (a)
265 3909 304 3960 Cf.
313 3911 376 3962 Not.
388 3914 536 3964 Burmanni.
718 3933 772 3982 ger.
786 3910 818 3961 ad
831 3910 856 3961 h.
868 3909 885 3959 l.

212 3989 252 4059 (3)
264 3989 363 4041 laudat
372 4004 460 4049 ‚tamen
470 3996 508 4044 vir
518 3992 611 4044 doctus
620 3995 678 4043 lus·
754 3991 793 4059 (5)
805 3991 843 4039 Cf.
863 3987 1006 4039 Tzsclmclc
1018 3987 1050 4036 :ul
1064 3984 1089 4036 h.
1106 3984 1122 4035 l.

176 4072 223 4119 tin.
238 4071 274 4132 ll,
291 4068 336 4121 15:
349 4075 496 4123 concinnent
513 4073 592 4135 adiit,
608 4072 678 4143 quod
754 4070 793 4139 (ll)
804 4067 914 4120 Sclmlze
926 4067 1064 4118 Arrmcr·l·l·.
1079 4085 1136 4114 :um
1149 4065 1222 4115 Plur-

176 4147 244 4216 Nep.
263 4147 354 4198 l'hem.
369 4152 434 4202 Vll:
458 4152 633 4223 atrapis-tratum
654 4164 679 4203 ct
719 4148 794 4212 drus,
810 4167 835 4217 p.
849 4148 883 4214 39
896 4166 947 4217 seq.
966 4147 1050 4216 Lmrpc
1062 4145 1088 4193 in
1103 4141 1217 4213 l’rolcgg.

178 4237 295 4278 senatum
307 4227 377 4279 dicit.
721 4227 754 4279 ad
767 4224 865 4277 l’lucdr.
879 4244 905 4295 p.
921 4241 960 4276 at.
