2820 5018
408 432 492 506 ,au
515 431 791 495 urrunnun
815 435 906 498 nin.
932 439 981 501 11.
1164 445 1226 528 545
1303 418 1308 433 '

176 586 301 652 gentem
316 582 449 630 stabiam
468 571 577 649 AEsopo
591 570 678 628 Attici
697 571 869 650 posuerint,
887 575 1093 640 Desbillouius
1111 582 1230 647 invenit

178 662 213 719 in
227 660 457 740 Epigrammate
472 655 609 737 Agatbiae
622 658 677 734 (ι),
692 657 778 738 quod
790 673 885 719 exstat
900 659 953 721 lib.
968 666 1161 741 1V,Anthol.
1177 672 1231 748 33,

177 746 236 807 sub
247 745 356 820 finem,
367 744 471 805 addita
479 745 682 825 inscriptione
692 767 698 802 :
708 750 743 811 εἰς
750 749 911 824 φιλοσοφοὺς,
920 753 954 816 εἰς
961 755 1046 810 εἰκόνα
1052 760 1173 817 Αἰσώπου
1180 760 1233 838 (2).

181 837 216 895 ln
233 856 298 916 quo
317 835 462 895 laudatur
479 834 623 915 Lysippi,
642 832 832 894 celeberrimi
852 835 1029 918 sculptoris,
1050 844 1234 926 prudentia,

179 926 262 1009 quod
279 929 427 1008 ti'sopum
444 939 560 1007 septem
577 924 766 1006 sapientibus
787 931 988 988 annumerari
1007 952 1105 1011 quum
1126 937 1233 1016 vellet,

178 1037 252 1076 eum
263 1035 326 1077 non
336 1015 433 1090 inter,
443 1014 494 1074 sed
505 1027 577 1074 ante
590 1016 669 1095 ipsos
679 1014 874 1076 collocaverit
885 1039 892 1075 :
903 1022 978 1077 Επὰ
988 1029 1071 1097 σοφῶν
1079 1023 1234 1106 ἔμπροσθεν,

181 1120 305 1188 propter
314 1105 488 1179 doctrinam
504 1102 568 1184 ejus
584 1105 838 1185 prestantiorem.
854 1105 944 1166 Unde
958 1107 1061 1190 colligi
1077 1133 1166 1192 posse
1179 1137 1235 1198 pu.

181 1208 239 1269 tat,
253 1196 415 1276 AEsopum,
427 1205 462 1252 ut
473 1195 528 1274 qui
542 1206 700 1275 praestaret
713 1209 831 1276 septem
845 1196 1051 1276 sapientibus,
1063 1214 1095 1260 et
1108 1201 1177 1265 ideo
1188 1227 1235 1267 ex.

180 1299 227 1343 tra
247 1283 390 1343 ordinem
408 1282 523 1363 positus
540 1281 659 1358 fuisset,
681 1281 823 1343 habitum
843 1305 907 1345 esse
926 1299 1077 1367 tanquam
1098 1290 1235 1373 ipsorum

180 1371 367 1452 principem,
380 1390 415 1427 ac
426 1369 557 1450 proinde
569 1370 748 1450 insigniori,
758 1371 821 1430 sive
833 1371 951 1451 ingenti
963 1387 1063 1436 statua
1074 1376 1235 1443 donatum.

182 1459 286 1535 Quam
296 1459 424 1540 quidem
437 1459 590 1519 rationem
603 1458 695 1518 nimis
706 1456 799 1538 louge
811 1459 936 1538 petitam
951 1482 1027 1534 esse,
1040 1479 1120 1526 recte
1132 1473 1237 1531 statuit

181 1567 288 1608 censor
301 1546 438 1608 emditus
453 1547 486 1606 in
505 1553 538 1606 Α.
557 1550 591 1607 L.
606 1544 638 1606 Z.
656 1565 730 1605 ann.
752 1546 841 1625 1786,
858 1568 900 1606 vs.
917 1544 987 1628 476.

223 1638 274 1695 Vs.
292 1637 335 1695 15.
350 1636 430 1695 MSS.
444 1634 523 1696 Pith.
536 1648 566 1696 et
579 1637 664 1695 Rem.
678 1635 862 1714 veteresque
875 1634 1046 1711 Editiones,
1062 1653 1097 1698 ut
1111 1641 1239 1723 Pithoei,

183 1726 363 1787 Ritterslms.
376 1727 500 1807 Rigaltii
513 1728 542 1801 l,
559 1725 691 1788 Nevelet.
709 1724 793 1786 hunc
809 1747 929 1786 versum
946 1728 988 1788 ita
1005 1729 1166 1794 exhibent:
1183 1739 1239 1796 Sin

182 1827 280 1875 autem
298 1814 336 1874 ab
355 1814 412 1875 illis
429 1816 528 1877 doctus
544 1819 667 1876 occurrit
685 1814 781 1889 labor3
799 1836 869 1894 quae
892 1817 964 1876 viris
980 1817 1077 1879 doctis
1094 1840 1238 1906 corrupta

182 1902 341 1977 videntur,
355 1905 433 1965 adeo
446 1905 586 1985 quidem,
602 1905 848 1964 utliurmannus
862 1903 928 1965 liaec
942 1926 975 1966 se
990 1929 1054 1968 non
1069 1908 1239 1992 intelligere

185 1994 317 2074 ingenue
328 1991 469 2054 fateatur.
484 1996 564 2054 Hinc
578 1991 643 2074 jam
661 1993 737 2052 olim
751 1992 965 2054 liittershusius
976 1998 1177 2074 emendabat,
1193 2004 1240 2061 rin
1322 2070 1327 2079 Ι

185 2095 282 2143 autem
295 2082 351 2143 illis
361 2083 389 2143 d.
402 2105 429 2144 o.
443 2084 462 2145 l.
476 2089 552 2145 utri
569 2105 598 2142 nr
614 2103 681 2143 non
696 2081 842 2156 elidatur3
858 2082 922 2157 vel,
936 2088 982 2144 sin
994 2099 1091 2147 autem
1102 2088 1200 2149 stillis
1211 2091 1240 2150 d.

173 2195 211 2235 .o.
226 2172 245 2234 l.
262 2174 317 2252 (3);
335 2175 386 2235 sed
403 2174 566 2256 Rigaltius,
583 2174 633 2234 cui
651 2193 714 2232 non
732 2175 823 2254 pauci
838 2173 1065 2256 obsequuntur,
1078 2178 1111 2237 in
1124 2179 1240 2242 Editio-

184 2284 225 2323 ne
241 2267 317 2324 anni
339 2266 412 2345 1617
429 2266 571 2345 corrigit,
587 2267 633 2323 sin
649 2276 746 2323 autem
760 2261 859 2323 doctus
873 2261 931 2323 illis
943 2269 1064 2326 occurrit
1076 2266 1165 2329 labor.
1184 2272 1240 2330 lie·

182 2350 249 2434 jicit
263 2369 366 2415 tanten
381 2355 589 2415 Desbillonius
604 2352 683 2413 hane
702 2351 965 2428 emendationem,
980 2352 1142 2416 lectionem
1159 2360 1240 2421 MSS.

186 2458 385 2526 veterumque
400 2445 583 2505 Editionum
599 2463 759 2516 revocans,
777 2440 834 2502 boc
850 2442 976 2524 quidem
992 2464 1102 2506 sensu:
1118 2448 1165 2507 sin
1183 2470 1239 2509 au·

184 2549 246 2594 tem
264 2533 388 2595 fraudes
405 2534 580 2607 laboriosae,
597 2534 659 2593 sive
674 2533 755 2592 docti
772 2531 834 2593 doli
852 2531 928 2591 mihi
946 2532 1160 2612 adversentur,
1177 2541 1240 2598 sive

185 2623 370 2705 objiciantur
386 2625 514 2697 abillis,
531 2644 608 2706 qnos
626 2625 656 2683 in
674 2622 754 2683 hanc
769 2620 868 2681 lucem
882 2621 1028 2682 omnibus
1040 2645 1248 2688 communem·

187 2727 297 2774 natura
313 2714 409 2774 edidit
424 2715 562 2787 sinistra,
580 2715 599 2775 i.
619 2736 646 2772 e.
663 2713 796 2773 aliorum
812 2710 949 2771 felicitati
967 2712 1048 2773 male
1069 2717 1239 2779 consulens.

186 2804 284 2883 Negat
299 2806 401 2879 enim,
418 2805 586 2885 perdoctus
603 2803 684 2864 labor
699 2823 777 2884 opus
794 2801 914 2861 Phaedri
931 2822 1018 2883 posse
1035 2805 1164 2885 intelligi
1182 2806 1240 2887 (q),

184 2902 216 2948 ct
232 2889 427 2970 indignatur,
442 2891 625 2971 interpretes
640 2892 789 2970 patienter
804 2888 897 2960 ferre,
912 2887 1050 2948 laborem
1066 2890 1188 2951 l‘haedri
1201 2896 1241 2954 ab

186 2977 316 3058 ipsomet
335 2975 451 3037 doctum
472 2992 615 3038 vocatum
636 2974 745 3047 fuisse,
767 2973 943 3033 desiderans
966 2974 1095 3054 alicujus
1120 2980 1240 3059 antiqui

184 3062 342 3144 scriptoris
353 3063 543 3145 exemplum,
555 3064 609 3144 qui
623 3062 783 3143 proprium
795 3081 872 3141 opus
883 3062 1091 3142 appellatione
1103 3063 1185 3122 docti
1197 3064 1240 3124 la·

185 3154 270 3213 boris
292 3153 479 3214 indicaverit.
501 3153 547 3213 nd
568 3151 799 3213 sustentandam
818 3166 921 3210 autern
938 3153 1238 3232 interpretationem,

188 3241 295 3324 paullo
309 3255 343 3301 ut
359 3242 436 3301 mihi
453 3243 575 3302 videtur
590 3240 781 3313 affectatam,
796 3237 889 3298 affert
904 3239 1004 3299 Plauti
1020 3244 1107 3301 nimis
1122 3241 1239 3304 mnam

186 3327 300 3389 dolien!
314 3328 380 3389 Mil.
393 3327 442 3388 Gl.
458 3330 501 3405 n,
516 3350 554 3404 n,
569 3327 623 3409 93,
638 3342 668 3388 et
679 3329 746 3386 Ter.
762 3327 835 3386 Hec.
853 3327 911 3400 lll,
930 3348 958 3399 t,
973 3329 1008 3402 6,
1024 3348 1104 3389 unos
1115 3349 1237 3407 omnes,

224 3497 342 3570 (t)Vixit
352 3497 490 3570 Agathins,
503 3497 692 3564 scholasticus,
734 3510 758 3549 et
775 3497 829 3549 illis
844 3499 931 3551 doctus
947 3510 1060 3550 oecumt
1075 3496 1092 3549 i.
1111 3500 1237 3554 Ursinus:

188 3578 328 3630 iustiniani
340 3580 504 3651 imperatoris
514 3597 583 3644 sevo,
596 3597 620 3628 v.
636 3578 692 3628 nit-
733 3577 773 3629 εἰη
786 3588 887 3638 autem,
897 3591 922 3629 et
934 3577 1000 3638 illis,·
1012 3578 1186 3646 Santorocus,
1197 3584 1238 3636 sin

189 3656 300 3711 teribus.
733 3669 819 3708 autem
836 3657 872 3707 ad
886 3654 946 3707 ilios
961 3655 1055 3709 doctus
1068 3671 1182 3711 occurret
1196 3659 1238 3713 lo·

226 3734 265 3806 (a)
277 3738 335 3788 llnc
348 3739 512 3811 Epigramma
527 3739 625 3790 Latinis
638 3756 693 3789 me·
733 3737 785 3790 bor.
794 3735 932 3789 Prasclrius
940 3759 947 3788 z
956 3737 995 3789 sin
1006 3749 1093 3790 autem
1104 3738 1130 3789 in
1143 3739 1202 3791 illos
1210 3740 1236 3791 d.

189 3815 236 3864 tris
248 3813 351 3866 inclusit
360 3817 558 3882 liittershasins,
569 3837 647 3890 quem
656 3819 693 3868 vi·
734 3817 842 3868 incurrit
854 3815 872 3868 l.

190 3892 233 3944 de.
242 3894 396 3946 Versiouem
404 3898 537 3961 Latinam,
550 3898 642 3949 Grotio
654 3896 693 3947 in·
768 3896 807 3969 (a)
817 3895 848 3948 ’ri
860 3897 951 3949 doctus
963 3896 1122 3949 laboretiam
1133 3918 1238 3971 suspec-

190 3984 317 4043 terprete,
336 3971 418 4025 liabes
436 3978 462 4026 in
482 3977 593 4028 Fabricii
612 3977 639 4026 ll.
661 3976 692 4025 G.
735 3991 776 4028 tus
788 3989 827 4028 est
835 3974 948 4027 Christio
961 3978 987 4026 in
1000 3974 1068 4026 libro
1077 3976 1110 4028 de
1120 3978 1239 4030 Moribus

190 4049 209 4100 l.
223 4071 246 4101 c.
736 4054 912 4107 Eruditorum.
931 4056 1043 4104 Frustra.
1059 4055 1116 4105 Vid.
1136 4055 1240 4108 schira-

226 4130 266 4200 (3)
284 4130 480 4199 Cuningharnus
500 4133 594 4185 edidit:
611 4135 632 4184 si
648 4153 696 4183 au·
737 4135 789 4186 chii
809 4134 913 4186 Clavem
933 4136 1071 4185 l'oetarurn
1090 4136 1117 4183 Ι).
1138 4136 1162 4200 Ι,
1176 4155 1236 4205 pag.

190 4223 243 4264 tem
256 4225 280 4264 et
292 4209 359 4272 illis‚·
371 4211 437 4263 Glar.
451 4215 548 4267 Jacob:
561 4215 601 4266 sin
610 4224 695 4265 autem
743 4230 789 4264 tor

266 4319 287 4351 r.
789 4282 807 4338 l
1029 4301 1061 4351 35
