2820 5018
372 466 464 535 ΗΒ.
489 470 519 548 l,
543 469 639 534 ΕΑΒ.
664 470 799 535 XXVI.
1041 480 1103 566 4¹7

60 603 273 671 Multandum
287 606 382 669 simili
391 607 481 695 jure,
495 605 613 670 fabella
625 605 791 672 admonet.

107 714 157 778 Ad
171 737 297 778 coenum
311 714 426 801 Vulpis
439 712 560 778 dicitur
571 715 739 778 Ciconiam

61 824 157 887 Prior
169 824 336 900 invitasse,
350 838 382 885 et
395 821 441 885 illi
454 823 488 885 in
501 818 789 910 patena‘liquidam

95 1009 117 1038 2.
136 990 285 1038 multoniam.
303 994 411 1038 Heinsius
422 991 468 1053 legi
480 989 549 1054 juber
566 991 717 1036 micantium.
734 994 871 1054 Perperam3
889 995 956 1056 quis,
974 997 1111 1047 observante

61 1062 211 1115 normanno.
224 1061 336 1122 pulsatio,
347 1063 406 1106 irtus
417 1073 439 1106 et
451 1061 547 1106 verbera
558 1061 594 1106 hie
606 1061 674 1121 longe
685 1061 776 1108 absunt.
788 1064 883 1109 Heinsio
894 1077 970 1111 umen
982 1067 1114 1131 obsequor-.-

60 1143 103 1177 tur
117 1133 245 1191 {lispootim
257 1133 357 1177 linittsr.
369 1133 530 1192 llooqstrstan.
540 1131 586 1176 aiii.
598 1131 713 1176 llendeius
723 1131 807 1185 edidit,
820 1133 965 1194 improbante
977 1148 1055 1182 tameo
1067 1142 1114 1183 lla·
1126 1141 1137 1167 ‘

61 1203 113 1256 rio,
127 1204 270 1247 mirandum
279 1201 347 1247 simili
357 1207 416 1256 noes,
428 1202 491 1263 quod
504 1204 582 1246 latine
594 1201 640 1245 diei
653 1203 689 1246 rix
700 1215 784 1263 potest.
796 1206 830 1249 De
841 1216 938 1266 utraque
951 1209 1114 1254 emendatione

60 1273 95 1318 ci.
109 1274 187 1317 Burm.
196 1276 291 1335 -june
301 1272 489 1333 Cuninqhsmut:
503 1289 562 1319 mom
572 1272 714 1336 liaeefniielir
725 1276 837 1321 admonet.
848 1300 880 1310 -
889 1275 911 1321 3.
923 1279 962 1321 Ad
969 1293 1055 1324 eoenum
1065 1279 1115 1325 uul-

60 1347 108 1407 pis.
121 1345 146 1389 ln
159 1344 219 1389 MS&
234 1342 292 1390 Pith.
306 1357 330 1389 et
341 1347 406 1390 Rem.
421 1357 466 1399 est,
479 1345 554 1407 vulpis
564 1346 595 1391 ud
604 1360 699 1391 cirrium.
711 1348 744 1391 lus
756 1346 825 1407 vulgo
837 1347 933 1407 legitur;
945 1350 987 1395 sed
995 1367 1049 1396 eum
1061 1353 1117 1399 Bro-

62 1417 118 1460 ¹ier.
131 1416 248 1476 llipontin.
260 1413 389 1461 Derbillon.
403 1414 479 1468 edidi,
491 1417 522 1459 od
532 1431 619 1460 coenom
628 1414 714 1476 vulpis,
729 1427 802 1461 metro
816 1417 945 1478 postulante
960 1419 1022 1465 hune
1033 1422 1118 1467 verbo·

61 1500 119 1532 rum
129 1485 243 1531 ordinem.
255 1485 299 1532 Alii
309 1486 387 1547 vulpes
397 1488 428 1531 ad
435 1502 536 1541 coeiium,
545 1485 702 1543 adsumtio.
712 1513 743 1522 -
751 1486 774 1542 i.
786 1491 897 1533 invitasse.
913 1491 997 1536 Nescio
1012 1507 1055 1538 eur
1068 1492 1116 1538 hae

62 1573 110 1604 vox
123 1560 256 1603 Burrnnono
267 1570 372 1619 suspecta
386 1559 505 1612 videatur,
517 1561 558 1620 qui
570 1557 649 1604 mallet
660 1573 763 1612 vocasse,
773 1572 869 1619 propter
881 1575 995 1605 retenone
1005 1578 1039 1607 vs.
1053 1580 1075 1624 7.
1088 1567 1118 1607 At

63 1632 169 1676 devitavit
179 1629 264 1675 habent
276 1633 345 1675 etiam
358 1630 469 1676 Romulus
482 1644 504 1675 et
518 1634 652 1693 Anonymun
664 1631 709 1677 Nil.
723 1643 745 1675 et
758 1634 852 1676 invitare
862 1634 894 1676 ad
904 1648 990 1677 eoenom
1001 1632 1056 1679 dixit
1068 1637 1118 1690 Cle,

63 1702 97 1749 ul
109 1703 161 1746 llis.
178 1703 232 1757 llll,
249 1701 277 1757 4,
294 1715 317 1746 et
329 1703 359 1747 de
371 1702 418 1747 Oli.
434 1704 479 1755 lli,
495 1700 532 1746 58.
552 1727 581 1736 -
597 1712 620 1748 et
634 1700 668 1747 illi
678 1705 701 1746 in
711 1711 793 1765 patrna
807 1703 920 1766 liquidnm.
934 1706 988 1749 llaee
1002 1717 1036 1749 est
1049 1705 1120 1752 lectio

64 1772 156 1818 lleimii
169 1785 192 1817 et
204 1774 337 1818 Burmanni.
351 1774 412 1817 MSS.
426 1771 484 1816 Pith.
497 1784 520 1816 et
531 1774 596 1816 Rem.
609 1772 708 1828 habent,
723 1782 745 1818 et
759 1775 781 1817 ei
794 1770 901 1834 liquidnm
914 1776 936 1817 in
948 1784 1043 1834 parurn,
1059 1788 1118 1819 teste

63 1841 220 1889 Desbillonio.
232 1845 277 1889 Sed
291 1844 323 1889 Cl.
338 1845 435 1890 Brotier.
451 1857 474 1889 et
488 1843 584 1889 Bentlei.
600 1846 625 1888 in
639 1857 739 1906 utroque
753 1845 839 1890 Codice
853 1846 952 1889 inveniri
966 1846 1083 1901 scrilmnt,
1098 1854 1120 1890 et

63 1911 102 1958 iili
114 1912 223 1976 liquidnm
237 1919 259 1959 in
273 1925 368 1970 perenm·
382 1932 424 1976 pro
439 1931 486 1977 quo
497 1915 556 1960 male
569 1915 671 1961 Pithoeus
683 1916 855 1967 emendaverit,
869 1925 892 1960 et
902 1919 930 1962 ei.
943 1918 1017 1961 Etiam
1028 1919 1119 1961 Romu-

65 2051 171 2099 xenii».
184 2057 229 2114 Qui
241 2056 376 2109 ediderunt,
391 2066 414 2101 ei
427 2060 449 2101 ei
461 2055 568 2118 liqindnm
582 2061 604 2099 in
614 2067 710 2120 potsnn,
725 2069 751 2101 ut
765 2057 844 2101 Nerei.
858 2054 967 2101 Rittersli.
981 2057 1059 2102 Unio.
1074 2059 1120 2102 vim

65 2123 173 2170 iecerunt
186 2128 276 2180 tersui,
289 2143 359 2188 quam
371 2137 502 2172 remoturus
516 2128 564 2171 iac.
577 2129 708 2172 Gronovius
721 2127 789 2186 legit:
802 2130 857 2171 etei
868 2142 891 2169 nt
903 2135 986 2188 patena
999 2124 1120 2191 liquidem,-

64 2195 110 2241 ned
122 2197 169 2241 tid.
182 2200 260 2242 llurm.
273 2198 400 2243 Desbillon.
413 2208 435 2243 rt
446 2203 467 2244 ei
477 2202 499 2242 in
510 2196 594 2259 putrido
607 2199 729 2261 liquidam
740 2201 794 2260 quin
804 2196 890 2259 patella
902 2199 976 2259 poetis
988 2196 1056 2257 longe
1069 2200 1120 2242 usi-

66 2268 139 2313 udor
150 2266 233 2324 fuerit,
244 2283 313 2329 quam
325 2278 421 2330 pamiae,
433 2279 473 2314 aut
483 2271 568 2332 potum
582 2268 715 2313 lnllemant.
726 2269 812 2313 Funee.
825 2269 887 2312 Brot.
901 2267 1039 2312 ediderunt:
1052 2276 1075 2311 ct
1086 2265 1123 2312 illi

67 2425 288 2481 consentaneum,
303 2429 329 2467 et
342 2418 470 2486 privatam
482 2414 572 2467 lectori
613 2414 1116 2481 nintVeteres.CitatllurmannVeget.

67 2491 210 2545 vindictam
230 2499 303 2567 quasi
322 2496 419 2547 licitam
439 2516 573 2549 commen·
612 2494 645 2545 tle
657 2493 799 2547 Mulomed.
813 2497 837 2558 l,
852 2493 898 2553 56,
913 2492 996 2548 hubi
1004 2503 1117 2561 patena,

68 2572 145 2625 daos.
155 2574 201 2626 Cui
209 2581 341 2629 sententia
350 2580 418 2630 farer
426 2598 514 2630 versus
524 2577 570 2629 ult.
613 2592 661 2644 pro
679 2573 766 2639 alveo,
785 2575 811 2623 in
829 2591 882 2643 quo
897 2569 1025 2621 hordeum
1044 2571 1117 2639 equis

70 2654 149 2719 item,
166 2655 235 2725 qnod
250 2676 335 2727 neque
351 2657 421 2727 apud
436 2656 575 2710 Romulum
617 2656 767 2724 apponitur.
792 2654 847 2713 Sir,
878 2664 941 2702 teste
967 2649 1116 2714 scheffero,

27 2730 40 2741 '
68 2748 155 2801 neque
176 2734 341 2804 Anonymum
360 2736 469 2787 Nilantii
493 2733 575 2787 ullum
617 2733 686 2802 apud
702 2733 757 2784 Col.
771 2727 1046 2797 xii‚43‚5‚ecod.
1061 2730 1117 2781 MS.

67 2809 148 2879 liujus
166 2813 307 2882 Promythii
327 2829 409 2865 exstet
429 2818 573 2882 vestigium.
616 2809 746 2862 nonnullae
756 2807 996 2860 Falitioueshabent
1006 2821 1117 2876 patena·

68 2890 102 2940 V.
124 2889 227 2938 Romuli
245 2889 289 2938 lib.
307 2892 342 2950 ll,
363 2891 415 2940 lab.
436 2893 503 2941 xlv.
526 2889 576 2943 Sed
616 2907 687 2952 nim,
704 2907 752 2958 pro
765 2889 930 2958 patinarum,
950 2884 1020 2953 quod
1037 2900 1075 2935 est
1090 2888 1116 2935 in

67 2966 132 3018 ideo
147 2983 200 3014 non
215 2978 311 3017 temere
324 2967 463 3036 abjiciendi
478 2968 505 3019 hi
519 2987 576 3019 ven
614 2966 682 3018 Edit.
691 2967 806 3018 Gesneri.
817 2966 921 3015 Frustra
929 2981 990 3013 vero
999 2976 1035 3012 est
1044 2965 1122 3014 Bent-

68 3044 337 3101 ms.-Mnltnndum
354 3047 426 3098 >irnili
428 3051 496 3118 jure.
508 3049 575 3098 Rec-
615 3044 694 3109 leius,
707 3047 751 3114 qui
765 3043 884 3112 lagenam
895 3056 920 3092 et
931 3043 1046 3110 patinam
1060 3060 1116 3091 am·

69 3123 247 3193 reexplicnnt,
257 3124 333 3175 simili
343 3124 422 3176 modo
432 3125 573 3177 vindictam
615 3123 699 3173 babos
725 3120 800 3172 simul
823 3132 899 3190 putot
923 3138 979 3170 esse
1003 3120 1116 3187 positas,

70 3221 187 3263 sumere,
205 3221 253 3272 par
266 3205 322 3270 pari
338 3205 441 3255 referre.
460 3205 574 3273 Capieu-
616 3198 834 3271 quemadmodum
849 3200 951 3267 egregie
963 3196 1040 3248 donet
1052 3199 1116 3248 Bur-

71 3279 134 3334 dum
146 3283 214 3332 enim
227 3282 312 3333 simile
313 3285 359 3353 jus
370 3301 417 3352 pro
426 3284 485 3351 jure
498 3280 575 3332 talio·
615 3298 734 3332 mannus.
756 3281 824 3329 Nam
846 3281 867 3330 si
887 3277 979 3329 eodem
997 3291 1115 3349 tempore

70 3362 121 3412 nis.
132 3359 189 3411 Vid.
199 3360 320 3412 Rittersli.
330 3375 355 3411 et
363 3363 498 3411 Saoteroe.
510 3358 576 3409 mul·
616 3363 741 3432 appositae
753 3360 874 3420 fiiissent,
885 3373 976 3410 neutra
987 3359 1114 3427 babebat,

72 3451 127 3490 iure
136 3453 233 3498 autern,
250 3439 321 3511 qnod
334 3442 440 3509 proprie
452 3437 484 3489 de
497 3455 576 3508 poena
616 3438 687 3511 qnod
702 3452 866 3510 quereretur,
881 3457 961 3508 quum
973 3437 1069 3509 Vulpes
1083 3461 1115 3493 ex

71 3521 222 3589 pecuniaria
230 3534 383 3590 usurpatur,
396 3520 463 3569 sumi
471 3517 536 3569 solet
543 3516 576 3568 de
615 3521 719 3590 patina,
737 3518 844 3569 Ciconia
860 3536 891 3568 ex
905 3516 996 3586 lagena
1008 3534 1117 3589 possent

73 3601 145 3649 omni
157 3598 211 3649 iere
222 3618 300 3668 pinna
313 3613 337 3649 et
354 3597 437 3659 malo,
452 3615 504 3668 quo
517 3597 575 3667 quis
615 3596 691 3649 simul
703 3598 797 3648 famem
813 3594 910 3647 sedare.
925 3596 976 3648 Sed
990 3612 1060 3650 totus
1074 3601 1115 3650 fa-

73 3677 194 3727 ailieitur.
206 3678 363 3742 Siccium,
374 3676 474 3739 exsilio,
485 3686 575 3738 morte,
615 3676 681 3728 bulas
696 3674 761 3727 ordo
775 3674 866 3737 donet,
881 3675 993 3747 Vulpem
1008 3696 1114 3729 vorasse

71 3755 163 3828 virpis,
173 3765 234 3818 ete,
246 3754 451 3825 multare‚apud
461 3757 575 3824 optimos
615 3762 687 3830 prins
705 3759 853 3822 Ciconiam,
875 3757 991 3828 nihilque
1010 3756 1046 3808 illi
1067 3777 1114 3828 pn·

71 3836 213 3904 scriptores
224 3839 345 3887 occurrit.
359 3835 409 3888 Sed
419 3834 531 3887 multare
540 3835 575 3885 si·
616 3841 705 3901 suisse,
715 3851 807 3908 praeter
813 3836 980 3888 sorbitionem
989 3833 1115 3906 liquidam

71 3913 131 3966 mili
140 3919 202 3987 jure
217 3919 256 3966 vix
272 3915 333 3968 alibi
345 3919 467 3988 reperias.
486 3917 575 3982 Quare
616 3919 642 3969 in
654 3933 763 3988 patena,
777 3915 846 3968 unde
859 3934 938 3986 quum
951 3915 1014 3965 nihil
1027 3928 1116 3983 posset

72 3998 122 4047 ista
132 3992 232 4045 locutio
241 3997 375 4049 referenda
389 3997 421 4048 ad
433 3996 574 4068 singularia
615 4010 718 4066 gustare
732 3997 853 4056 Ciconia,
870 3992 915 4044 sed
928 4010 1012 4043 vacuo
1027 4006 1115 4042 ventre

72 4089 169 4147 poeta·-
615 4075 786 4135 discessisset,
800 4072 842 4122 illa
854 4071 906 4121 alio
915 4070 957 4121 die
968 4083 1071 4121 revocat
1082 4067 1116 4118 ad

110 4155 136 4218 d.
152 4165 256 4220 patena.
270 4159 395 4229 durique,
409 4178 458 4229 pro
472 4159 573 4229 patina.
616 4173 715 4204 rieiiam
726 4151 843 4219 vulpem,
857 4153 899 4199 eui
911 4152 985 4218 ponit
997 4148 1116 4217 lagenam

72 4235 201 4299 Parenos,
209 4234 278 4286 unde
284 4237 396 4307 patella,
405 4236 577 4308 pnssimdixe·
617 4232 711 4295 solnm,
723 4228 829 4299 plenam
840 4230 929 4278 intrito
941 4227 1009 4277 eibn.
