2820 5018
175 497 239 563 556
349 492 633 561 SUPPLENDA
658 491 720 555 ET
744 491 1068 561 EMENDANDA

173 638 328 699 videntur.
347 635 439 694 Plura
455 630 494 691 de
511 629 581 690 loco
600 627 750 690 Martialis
765 627 862 690 affert
877 630 971 692 idem
987 634 1039 693 vir
1056 633 1160 695 doctus
1171 636 1189 695 l
1201 659 1221 695 c

175 750 205 810 p.
221 724 280 801 455
294 746 358 807 sqq.
373 718 565 782 Desbillonio
579 716 723 798 improbus
736 731 796 792 est,
812 717 905 779 vafer
922 733 957 781 et
971 721 1113 783 callidus

215 816 249 875 P.
264 811 336 896 274,
348 824 415 894 post
424 808 481 869 lin.
501 810 551 882 ¹⁴,
564 807 741 866 inserantur
749 806 832 867 hec:
846 810 1089 872 Verumtamen
1098 833 1173 894 spem
1182 814 1224 874 Co

175 907 250 968 dicis
264 902 417 964 Pithoeani
431 900 464 957 iu
476 897 579 958 lucem
592 894 781 979 proferendi,
793 911 831 956 ut
844 896 1042 980 abjicerem,
1057 923 1113 983 ego
1122 903 1222 985 quidem

63 1007 67 1018 '
176 994 287 1057 adduci
297 1011 363 1051 uon
373 1003 524 1072 poteram.
535 986 604 1046 adii
615 987 699 1046 enim
709 1007 763 1069 per
772 985 891 1048 litteras
902 991 1027 1050 Virum
1038 992 1223 1054 Clarissimum

175 1099 205 1144 et
213 1080 421 1143 doctissimum
431 1074 580 1135 Carolum
590 1074 788 1134 Benedictum
798 1077 891 1149 llase,
906 1077 1156 1154 Vimmiensm,
1165 1082 1224 1161 ingr

175 1171 220 1231 nii
229 1167 329 1228 divini
339 1180 369 1225 et
376 1164 505 1245 insignis
513 1161 660 1223 doctrinm
670 1160 1004 1244 laudecouspicuum,
1015 1168 1075 1247 qui
1083 1166 1223 1227 hotoetrm

175 1277 252 1340 porc
263 1253 384 1314 Parisiis
398 1253 464 1313 otio
479 1249 639 1310 fruebatur
653 1248 815 1323 litterario,
834 1247 1002 1331 majorem
1015 1254 1052 1313 in
1066 1254 1180 1314 modun
1189 1275 1222 1313 ro

176 1365 267 1427 gaus,
283 1356 319 1403 ut
329 1342 425 1415 exiis,
438 1359 572 1422 quorum
583 1339 752 1414 interesset,
764 1336 831 1399 hoec
845 1341 950 1417 scire,
961 1355 997 1401 et
1008 1341 1129 1425 quibus
1139 1342 1220 1403 stimdi

177 1432 264 1515 copia
276 1444 366 1506 esset,
379 1428 417 1490 dc
426 1427 540 1489 Codice
548 1428 656 1509 MSpto
667 1425 781 1486 Pithoei
790 1427 881 1488 enixe
891 1429 1220 1511 percontaretur.0uod

177 1521 304 1604 quidem
319 1520 503 1580 mandatum
513 1518 561 1576 vir
572 1516 696 1592 doctus,
709 1537 728 1576 a
739 1537 801 1598 quo
813 1537 934 1598 graecae
947 1517 1070 1581 litterae
1081 1542 1142 1582 non
1151 1540 1219 1581 uuam

177 1613 296 1695 ingenii
309 1625 339 1673 et
354 1611 505 1672 doctrine
517 1608 615 1669 fetum
627 1619 814 1690 exspectant,
829 1630 883 1684 ea,
898 1621 972 1692 qua
985 1611 1086 1688 solet,
1098 1613 1221 1695 diligentia

178 1715 298 1762 etcum
314 1715 488 1783 persecutus
501 1710 555 1758 est.
571 1699 706 1756 Frustra.
722 1696 846 1757 Certior
861 1699 958 1760 enim
975 1700 1084 1763 factus
1098 1701 1223 1763 actarii

178 1789 288 1864 doctis,
306 1808 509 1871 possessorem
527 1786 661 1860 Codicis,
679 1784 849 1847 Presidem
862 1789 1044 1869 quondam
1058 1792 1176 1851 Senatus
1188 1790 1223 1848 Pa

180 1879 327 1955 risiensis,
343 1877 477 1939 Pelletier
486 1876 521 1937 de
533 1873 678 1936 Rommbo
695 1877 780 1954 (non
798 1878 890 1936 enirn
915 1899 998 1940 cum
1012 1881 1159 1942 Brotierio
1175 1878 1224 1938 sui

180 1967 319 2030 bendum
330 1966 499 2048 Rosuubo),
511 1978 651 2049 tempore
663 1967 834 2041 semanimi,
851 1988 960 2048 quem
974 1983 1108 2045 vocant,
1118 1967 1225 2049 conjure

181 2059 276 2120 tionis
293 2060 468 2119 incusatum
485 2070 516 2118 et
532 2058 630 2117 securi
643 2076 837 2138 percussum,
855 2060 1038 2136 interiisse3
1060 2059 1224 2141 subscqumt'

181 2163 322 2231 tempore
338 2144 404 2208 filio
417 2144 566 2230 presidis,
588 2144 626 2206 ad
644 2143 832 2227 supplicium
843 2151 964 2225 macti,
986 2171 1056 2210 rem
1072 2149 1225 2210 familiarem

183 2257 256 2298 curn
276 2234 462 2297 bibliotheca
482 2235 574 2295 fuisse
593 2236 764 2295 restitutam
776 2256 784 2310 ;
806 2249 841 2295 at
866 2256 951 2298 vero
979 2239 1128 2300 Codicem
1152 2253 1223 2297 mana

183 2328 331 2408 scriptum
342 2325 455 2386 Pithoei
465 2325 613 2385 amissum
623 2324 782 2401 (nesciunt
789 2325 851 2383 viri
862 2323 972 2402 docti,
985 2350 1053 2410 quo
1062 2323 1223 2405 casu)liodit

184 2433 339 2495 nusquam
350 2413 481 2473 inveniri
491 2434 499 2487 ;
511 2424 604 2493 atque
616 2411 708 2470 etiam
721 2412 936 2488 Bruanium,
950 2415 1105 2478 editorum
1115 2411 1224 2481 Pltaedfis

185 2514 257 2560 ante
268 2501 387 2582 aliquot
399 2521 500 2562 annos
515 2501 577 2560 rita
588 2499 750 2559 excessisse.

406 2686 459 2755 ΙΝ
484 2685 640 2758 NOTlS
666 2687 733 2757 ΑΙ)
759 2687 978 2763 LIBRUM
1005 2694 1031 2763 l.

584 2879 835 2941 PROLOGUS.

228 3045 279 3104 Vs
291 3042 319 3103 3.
330 3043 376 3103 De
386 3043 522 3104 versibus
534 3043 658 3103 senariis
672 3039 811 3115 videndi,
822 3043 902 3102 Jani
914 3043 951 3102 in
970 3046 1006 3103 A.
1022 3045 1056 3102 P.
1072 3062 1101 3124 p.
1113 3041 1158 3112 58,
1169 3038 1188 3116 §-
1198 3035 1221 3106 3!

190 3132 227 3194 G.
245 3135 460 3206 Hermannus,
479 3134 516 3191 V.
528 3133 580 3207 C,
598 3129 636 3191 de
651 3131 754 3189 metris
770 3151 800 3211 p.
819 3127 874 3211 147
892 3151 984 3213 sqq„
999 3126 1219 3191 Bellermannsin

190 3220 279 3283 Praef.
292 3222 329 3282 ad
347 3222 467 3281 Phaedr.
481 3243 510 3303 p.
529 3242 571 3281 ιο.

230 3313 280 3369 Vs.
298 3308 326 3384 l·
341 3314 371 3371 V
370 3313 451 3371 itum.
466 3311 583 3386 Quaerit
594 3311 791 3391 Anonymus,
806 3327 847 3366 an
862 3305 951 3369 forte
963 3308 1118 3371 Phaedrus
1129 3301 1222 3364 hdr&

190 3400 318 3480 spexerit
329 3398 368 3458 ad
381 3421 478 3460 mores
490 3399 584 3473 aulae,
597 3412 627 3458 ct
640 3398 752 3480 politos
765 3408 795 3458 et
806 3396 954 3460 cultiores
968 3400 1074 3460 oetaus
1085 3418 1142 3458 sue
1153 3389 1223 3452 homi·

190 3510 259 3563 nes,
275 3490 308 3549 in
320 3488 391 3549 aula
402 3495 551 3571 viventes,
567 3509 645 3571 quos
660 3487 807 3570 prudenti
822 3488 961 3549 consilio
973 3490 1169 3549 muniturum
1179 3499 1224 3540 a&

188 3580 280 3640 dicat.
292 3579 356 3636 Etsi
369 3599 441 3638 vero
455 3582 529 3653 uita,
543 3577 719 3654 hocsemii,
736 3578 848 3660 passim
861 3579 1005 3638 occurrit
1020 3577 1149 3659 (Tibull.
1160 3574 1193 3642 [1,
1206 3589 1225 3639 1,

191 3665 261 3747 37);
280 3678 383 3723 tamen
400 3686 498 3746 quum
514 3679 604 3747 poeta
619 3663 817 3738 confiteatur,
835 3684 867 3722 se
882 3665 933 3724 nil
947 3665 1043 3725 aliud
1060 3686 1114 3748 per
1126 3657 1225 3721 labellis

190 3774 339 3838 quarere,
352 3773 446 3833 quam
458 3768 494 3811 ut
504 3756 677 3834 corrigatur
688 3774 773 3814 error
785 3752 971 3814 mortalium
983 3754 1093 3834 (Prol.
1106 3754 1147 3826 ll,
1161 3772 1170 3808 1
1183 3747 1227 3826 η.)

190 3858 222 3908 et
239 3863 338 3926 quum
356 3862 441 3901 urens
459 3854 536 3901 esset
552 3843 592 3915 ei,
612 3865 675 3904 non
692 3842 843 3924 singulos,
864 3856 921 3902 aut
940 3858 1069 3904 certum
1086 3841 1227 3903 hominum

191 3933 332 3994 ordinem
343 3944 466 4004 notare,
480 3950 586 3989 verum
598 3931 694 4012 ipsam
708 3932 805 3991 vitam
816 3943 846 3990 et
855 3950 958 3990 mores
970 3931 1140 3993 hominum
1149 3940 1230 3988 osten

192 4022 262 4082 derc
279 4017 378 4098 (Ptol.
399 4019 456 4094 lll,
474 4020 545 4095 50);
568 4016 647 4079 hauc
664 4017 949 4102 interpretationem
970 4018 1167 4099 rejiciendum
1182 4030 1232 4072 esse

193 4111 335 4170 arbitror.
