<?xml version="1.0" encoding="UTF-8"?>
<!DOCTYPE html PUBLIC "-//W3C//DTD XHTML 1.0 Transitional//EN"
    "http://www.w3.org/TR/xhtml1/DTD/xhtml1-transitional.dtd">
<html xmlns="http://www.w3.org/1999/xhtml" xml:lang="en" lang="en">
 <head>
  <title>
</title>
<meta http-equiv="Content-Type" content="text/html;charset=utf-8" />
  <meta name='ocr-system' content='tesseract 3.04.00' />
  <meta name='ocr-capabilities' content='ocr_page ocr_carea ocr_par ocr_line ocrx_word'/>
</head>
<body>
  <div class='ocr_page' id='page_1' title='image "./phdrifabularums00jacogoog_0363.png"; bbox 0 0 2820 5018; ppageno 0'>
   <div class='ocr_carea' id='block_1_1' title="bbox 187 402 1135 522">
    <p class='ocr_par' dir='ltr' id='par_1_1' title="bbox 187 402 1135 522">
     <span class='ocr_line' id='line_1_1' title="bbox 187 402 1135 522; baseline -0.002 -15"><span class='ocrx_word' id='word_1_1' title='bbox 187 443 249 522; x_wconf 61' lang='lat'>342</span> <span class='ocrx_word' id='word_1_2' title='bbox 292 435 485 503; x_wconf 75' lang='lat' dir='ltr'>innunt</span> <span class='ocrx_word' id='word_1_3' title='bbox 509 435 803 499; x_wconf 76' lang='lat' dir='ltr'>rinuninnu</span> <span class='ocrx_word' id='word_1_4' title='bbox 826 402 1135 505; x_wconf 78' lang='lat' dir='ltr'>nsoixanuu</span> 
     </span>
    </p>
   </div>
   <div class='ocr_carea' id='block_1_2' title="bbox 184 575 966 984">
    <p class='ocr_par' dir='ltr' id='par_1_2' title="bbox 184 575 966 984">
     <span class='ocr_line' id='line_1_2' title="bbox 184 575 966 668; baseline -0.009 -22"><span class='ocrx_word' id='word_1_5' title='bbox 184 581 283 665; x_wconf 90' lang='lat' dir='ltr'>Quod</span> <span class='ocrx_word' id='word_1_6' title='bbox 296 602 399 668; x_wconf 92' lang='lat' dir='ltr'>quum</span> <span class='ocrx_word' id='word_1_7' title='bbox 412 577 637 664; x_wconf 85' lang='lat' dir='ltr'>inquinassent</span> <span class='ocrx_word' id='word_1_8' title='bbox 648 575 739 638; x_wconf 92' lang='lat' dir='ltr'>omni</span> <span class='ocrx_word' id='word_1_9' title='bbox 751 576 966 653; x_wconf 86' lang='lat' dir='ltr'>contumelia,</span> 
     </span>
     <span class='ocr_line' id='line_1_3' title="bbox 185 682 911 774; baseline -0.01 -21"><span class='ocrx_word' id='word_1_10' title='bbox 185 691 294 754; x_wconf 81' lang='lat' dir='ltr'>Alium</span> <span class='ocrx_word' id='word_1_11' title='bbox 308 703 458 774; x_wconf 75' lang='lat' dir='ltr'>rogantes</span> <span class='ocrx_word' id='word_1_12' title='bbox 472 706 582 769; x_wconf 75' lang='lat' dir='ltr'>regem</span> <span class='ocrx_word' id='word_1_13' title='bbox 595 683 713 746; x_wconf 81' lang='lat' dir='ltr'>misere</span> <span class='ocrx_word' id='word_1_14' title='bbox 725 682 766 746; x_wconf 93' lang='lat' dir='ltr'>ad</span> <span class='ocrx_word' id='word_1_15' title='bbox 778 684 911 762; x_wconf 80' lang='lat' dir='ltr'>Jovem3</span> 
     </span>
     <span class='ocr_line' id='line_1_4' title="bbox 186 789 906 880; baseline -0.007 -22"><span class='ocrx_word' id='word_1_16' title='bbox 186 794 315 858; x_wconf 84' lang='lat' dir='ltr'>Inutilis</span> <span class='ocrx_word' id='word_1_17' title='bbox 327 792 483 880; x_wconf 89' lang='lat' dir='ltr'>quoniam</span> <span class='ocrx_word' id='word_1_18' title='bbox 496 807 596 864; x_wconf 88' lang='lat' dir='ltr'>esset,</span> <span class='ocrx_word' id='word_1_19' title='bbox 611 789 667 876; x_wconf 93' lang='lat' dir='ltr'>qui</span> <span class='ocrx_word' id='word_1_20' title='bbox 681 789 789 852; x_wconf 81' lang='lat' dir='ltr'>luerat</span> <span class='ocrx_word' id='word_1_21' title='bbox 800 790 906 853; x_wconf 83' lang='lat' dir='ltr'>datus.</span> 
     </span>
     <span class='ocr_line' id='line_1_5' title="bbox 186 894 929 984; baseline -0.007 -21"><span class='ocrx_word' id='word_1_22' title='bbox 186 900 272 963; x_wconf 90' lang='lat' dir='ltr'>Tum</span> <span class='ocrx_word' id='word_1_23' title='bbox 285 897 373 962; x_wconf 82' lang='lat' dir='ltr'>misit</span> <span class='ocrx_word' id='word_1_24' title='bbox 384 896 447 959; x_wconf 86' lang='lat' dir='ltr'>illis</span> <span class='ocrx_word' id='word_1_25' title='bbox 460 894 616 984; x_wconf 76' lang='lat' dir='ltr'>hydrum,</span> <span class='ocrx_word' id='word_1_26' title='bbox 630 896 687 981; x_wconf 92' lang='lat' dir='ltr'>qui</span> <span class='ocrx_word' id='word_1_27' title='bbox 700 894 801 959; x_wconf 87' lang='lat' dir='ltr'>dente</span> <span class='ocrx_word' id='word_1_28' title='bbox 812 917 929 982; x_wconf 85' lang='lat' dir='ltr'>aspero</span> 
     </span>
    </p>
   </div>
   <div class='ocr_carea' id='block_1_3' title="bbox 187 1066 1232 1351">
    <p class='ocr_par' dir='ltr' id='par_1_3' title="bbox 187 1066 1232 1351">
     <span class='ocr_line' id='line_1_6' title="bbox 187 1066 1232 1136; baseline -0.003 -17"><span class='ocrx_word' id='word_1_29' title='bbox 187 1075 274 1120; x_wconf 78' lang='lat' dir='ltr'>dixerat</span> <span class='ocrx_word' id='word_1_30' title='bbox 287 1085 363 1135; x_wconf 86' lang='lat' dir='ltr'>poeta.</span> <span class='ocrx_word' id='word_1_31' title='bbox 375 1073 419 1118; x_wconf 83' lang='lat' dir='ltr'>Sed</span> <span class='ocrx_word' id='word_1_32' title='bbox 431 1072 488 1118; x_wconf 88' lang='lat' dir='ltr'>Cod.</span> <span class='ocrx_word' id='word_1_33' title='bbox 502 1072 561 1117; x_wconf 87' lang='lat' dir='ltr'>Pitb.</span> <span class='ocrx_word' id='word_1_34' title='bbox 575 1086 598 1118; x_wconf 84' lang='lat' dir='ltr'>et</span> <span class='ocrx_word' id='word_1_35' title='bbox 608 1075 673 1117; x_wconf 85' lang='lat' dir='ltr'>Rem.</span> <span class='ocrx_word' id='word_1_36' title='bbox 684 1075 708 1119; x_wconf 89' lang='lat' dir='ltr'>it.</span> <span class='ocrx_word' id='word_1_37' title='bbox 721 1072 830 1119; x_wconf 75' lang='lat' dir='ltr'>Romulus</span> <span class='ocrx_word' id='word_1_38' title='bbox 843 1070 928 1136; x_wconf 70' lang='lat' dir='ltr'>lr&#39;qnum</span> <span class='ocrx_word' id='word_1_39' title='bbox 937 1070 1041 1125; x_wconf 64' lang='lat' dir='ltr'>habeon</span> <span class='ocrx_word' id='word_1_40' title='bbox 1057 1066 1232 1133; x_wconf 59' lang='lat' dir='ltr'>Graeensffitu</span> 
     </span>
     <span class='ocr_line' id='line_1_7' title="bbox 187 1140 1231 1205; baseline -0.006 -15"><span class='ocrx_word' id='word_1_41' title='bbox 187 1145 225 1190; x_wconf 78' lang='lat' dir='ltr'>n&#39;it</span> <span class='ocrx_word' id='word_1_42' title='bbox 237 1147 306 1205; x_wconf 71' lang='lat' dir='ltr'>igitur</span> <span class='ocrx_word' id='word_1_43' title='bbox 321 1143 464 1189; x_wconf 82' lang='lat' dir='ltr'>mutandum.</span> <span class='ocrx_word' id='word_1_44' title='bbox 477 1159 546 1205; x_wconf 79' lang='lat' dir='ltr'>supra</span> <span class='ocrx_word' id='word_1_45' title='bbox 559 1144 605 1189; x_wconf 74' lang='grc' dir='ltr'>Μὸ.</span> <span class='ocrx_word' id='word_1_46' title='bbox 618 1158 687 1205; x_wconf 81' lang='lat' dir='ltr'>super</span> <span class='ocrx_word' id='word_1_47' title='bbox 697 1143 758 1188; x_wconf 86' lang='lat' dir='ltr'>Gud.</span> <span class='ocrx_word' id='word_1_48' title='bbox 768 1170 798 1178; x_wconf 94' lang='lat'>—</span> <span class='ocrx_word' id='word_1_49' title='bbox 809 1159 845 1190; x_wconf 83' lang='lat' dir='ltr'>aa.</span> <span class='ocrx_word' id='word_1_50' title='bbox 861 1144 955 1189; x_wconf 82' lang='lat' dir='ltr'>Bentlei.</span> <span class='ocrx_word' id='word_1_51' title='bbox 970 1140 1047 1186; x_wconf 76' lang='lat' dir='ltr'>alium</span> <span class='ocrx_word' id='word_1_52' title='bbox 1056 1156 1167 1203; x_wconf 76' lang='lat' dir='ltr'>rogatum</span> <span class='ocrx_word' id='word_1_53' title='bbox 1179 1159 1197 1186; x_wconf 79' lang='lat' dir='ltr'>r.</span> <span class='ocrx_word' id='word_1_54' title='bbox 1208 1158 1231 1184; x_wconf 82' lang='grc' dir='ltr'>ι</span> 
     </span>
     <span class='ocr_line' id='line_1_8' title="bbox 187 1214 1231 1277; baseline -0.001 -16"><span class='ocrx_word' id='word_1_55' title='bbox 187 1233 210 1261; x_wconf 84' lang='grc' dir='ltr'>α.</span> <span class='ocrx_word' id='word_1_56' title='bbox 222 1219 245 1261; x_wconf 82' lang='lat' dir='ltr'>J.</span> <span class='ocrx_word' id='word_1_57' title='bbox 260 1216 305 1262; x_wconf 85' lang='lat' dir='ltr'>Sed</span> <span class='ocrx_word' id='word_1_58' title='bbox 319 1216 364 1261; x_wconf 82' lang='lat' dir='ltr'>vid.</span> <span class='ocrx_word' id='word_1_59' title='bbox 379 1218 463 1268; x_wconf 79' lang='lat' dir='ltr'>Notas,</span> <span class='ocrx_word' id='word_1_60' title='bbox 479 1218 564 1260; x_wconf 78' lang='lat' dir='ltr'>misere.</span> <span class='ocrx_word' id='word_1_61' title='bbox 580 1214 731 1276; x_wconf 66' lang='lat' dir='ltr'>Cuningham.</span> <span class='ocrx_word' id='word_1_62' title='bbox 747 1217 896 1262; x_wconf 66' lang='lat' dir='ltr'>venenati.</span> <span class='ocrx_word' id='word_1_63' title='bbox 907 1240 938 1251; x_wconf 90' lang='lat'>-</span> <span class='ocrx_word' id='word_1_64' title='bbox 949 1214 989 1260; x_wconf 75' lang='lat'>23.</span> <span class='ocrx_word' id='word_1_65' title='bbox 1003 1219 1128 1277; x_wconf 62' lang='lat' dir='ltr'>quanm.</span> <span class='ocrx_word' id='word_1_66' title='bbox 1140 1216 1231 1260; x_wconf 63' lang='lat' dir='ltr'>ticinen·</span> 
     </span>
     <span class='ocr_line' id='line_1_9' title="bbox 188 1286 672 1351; baseline -0.002 -17"><span class='ocrx_word' id='word_1_67' title='bbox 188 1304 253 1334; x_wconf 87' lang='lat' dir='ltr'>more</span> <span class='ocrx_word' id='word_1_68' title='bbox 264 1304 307 1334; x_wconf 84' lang='lat' dir='ltr'>suo</span> <span class='ocrx_word' id='word_1_69' title='bbox 316 1290 435 1351; x_wconf 76' lang='lat' dir='ltr'>quianam,</span> <span class='ocrx_word' id='word_1_70' title='bbox 447 1289 550 1351; x_wconf 80' lang='lat' dir='ltr'>quondo,</span> <span class='ocrx_word' id='word_1_71' title='bbox 560 1286 596 1332; x_wconf 79' lang='lat' dir='ltr'>rel</span> <span class='ocrx_word' id='word_1_72' title='bbox 605 1289 672 1350; x_wconf 80' lang='lat' dir='ltr'>quod.</span> 
     </span>
    </p>
   </div>
   <div class='ocr_carea' id='block_1_4' title="bbox 188 1428 1237 4279">
    <p class='ocr_par' dir='ltr' id='par_1_4' title="bbox 188 1428 1230 1978">
     <span class='ocr_line' id='line_1_10' title="bbox 188 1428 1229 1501; baseline -0.005 -18"><span class='ocrx_word' id='word_1_73' title='bbox 188 1430 276 1483; x_wconf 80' lang='lat' dir='ltr'>scribit</span> <span class='ocrx_word' id='word_1_74' title='bbox 294 1429 345 1481; x_wconf 87' lang='lat' dir='ltr'>boe</span> <span class='ocrx_word' id='word_1_75' title='bbox 364 1444 390 1481; x_wconf 93' lang='lat' dir='ltr'>et</span> <span class='ocrx_word' id='word_1_76' title='bbox 407 1448 461 1500; x_wconf 86' lang='lat' dir='ltr'>seq.</span> <span class='ocrx_word' id='word_1_77' title='bbox 479 1449 553 1482; x_wconf 78' lang='lat' dir='ltr'>versu</span> <span class='ocrx_word' id='word_1_78' title='bbox 570 1443 691 1500; x_wconf 85' lang='lat' dir='ltr'>proterve</span> <span class='ocrx_word' id='word_1_79' title='bbox 731 1432 768 1481; x_wconf 85' lang='lat' dir='ltr'>sic</span> <span class='ocrx_word' id='word_1_80' title='bbox 789 1434 847 1501; x_wconf 85' lang='lat' dir='ltr'>capi</span> <span class='ocrx_word' id='word_1_81' title='bbox 867 1447 944 1501; x_wconf 86' lang='lat' dir='ltr'>posse</span> <span class='ocrx_word' id='word_1_82' title='bbox 964 1429 1089 1499; x_wconf 74' lang='lat' dir='ltr'>negabat</span> <span class='ocrx_word' id='word_1_83' title='bbox 1109 1428 1229 1481; x_wconf 70' lang='lat' dir='ltr'>Bentleios</span> 
     </span>
     <span class='ocr_line' id='line_1_11' title="bbox 188 1509 1230 1582; baseline -0.004 -21"><span class='ocrx_word' id='word_1_84' title='bbox 188 1509 345 1582; x_wconf 75' lang='lat' dir='ltr'>petulantes.</span> <span class='ocrx_word' id='word_1_85' title='bbox 367 1513 438 1562; x_wconf 85' lang='lat' dir='ltr'>Nota</span> <span class='ocrx_word' id='word_1_86' title='bbox 463 1509 585 1561; x_wconf 86' lang='lat' dir='ltr'>mobilem</span> <span class='ocrx_word' id='word_1_87' title='bbox 608 1509 692 1580; x_wconf 86' lang='lat' dir='ltr'>plebis</span> <span class='ocrx_word' id='word_1_88' title='bbox 732 1511 1230 1582; x_wconf 61' lang='lat' dir='ltr'>Namsi,inquit,ranaeipux·rogasseat</span> 
     </span>
     <span class='ocr_line' id='line_1_12' title="bbox 190 1587 1229 1661; baseline -0.005 -19"><span class='ocrx_word' id='word_1_89' title='bbox 190 1589 379 1654; x_wconf 73' lang='lat' dir='ltr'>characterem,</span> <span class='ocrx_word' id='word_1_90' title='bbox 391 1609 468 1661; x_wconf 90' lang='lat' dir='ltr'>quem</span> <span class='ocrx_word' id='word_1_91' title='bbox 477 1590 599 1660; x_wconf 72' lang='lat' dir='ltr'>preclare</span> <span class='ocrx_word' id='word_1_92' title='bbox 609 1592 691 1661; x_wconf 77' lang='lat' dir='ltr'>pingit</span> <span class='ocrx_word' id='word_1_93' title='bbox 732 1608 830 1658; x_wconf 70' lang='lat' dir='ltr'>repam,</span> <span class='ocrx_word' id='word_1_94' title='bbox 841 1589 904 1659; x_wconf 86' lang='lat' dir='ltr'>quid</span> <span class='ocrx_word' id='word_1_95' title='bbox 914 1607 984 1658; x_wconf 89' lang='lat' dir='ltr'>opus</span> <span class='ocrx_word' id='word_1_96' title='bbox 994 1602 1069 1652; x_wconf 84' lang='lat' dir='ltr'>erat,</span> <span class='ocrx_word' id='word_1_97' title='bbox 1079 1602 1110 1640; x_wconf 90' lang='lat' dir='ltr'>nt</span> <span class='ocrx_word' id='word_1_98' title='bbox 1117 1587 1150 1640; x_wconf 86' lang='lat' dir='ltr'>ad</span> <span class='ocrx_word' id='word_1_99' title='bbox 1156 1589 1229 1639; x_wconf 74' lang='lat' dir='ltr'>Jove·</span> 
     </span>
     <span class='ocr_line' id='line_1_13' title="bbox 189 1663 1228 1740; baseline -0.006 -21"><span class='ocrx_word' id='word_1_100' title='bbox 189 1670 690 1740; x_wconf 60' lang='lat' dir='ltr'>poeta.Anteapavidumpeuuununc,</span> <span class='ocrx_word' id='word_1_101' title='bbox 732 1668 877 1719; x_wconf 61' lang='lat' dir='ltr'>mitterent?</span> <span class='ocrx_word' id='word_1_102' title='bbox 903 1668 971 1718; x_wconf 87' lang='lat' dir='ltr'>llinc</span> <span class='ocrx_word' id='word_1_103' title='bbox 993 1665 1166 1718; x_wconf 78' lang='lat' dir='ltr'>emendabat.</span> <span class='ocrx_word' id='word_1_104' title='bbox 1184 1663 1228 1714; x_wconf 74' lang='lat' dir='ltr'>ut</span> 
     </span>
     <span class='ocr_line' id='line_1_14' title="bbox 191 1746 1230 1818; baseline -0.003 -21"><span class='ocrx_word' id='word_1_105' title='bbox 191 1749 277 1816; x_wconf 86' lang='lat' dir='ltr'>posito</span> <span class='ocrx_word' id='word_1_106' title='bbox 290 1750 396 1813; x_wconf 89' lang='lat' dir='ltr'>timore,</span> <span class='ocrx_word' id='word_1_107' title='bbox 403 1747 524 1818; x_wconf 80' lang='lat' dir='ltr'>petulans</span> <span class='ocrx_word' id='word_1_108' title='bbox 533 1749 692 1807; x_wconf 76' lang='lat' dir='ltr'>turba5mox</span> <span class='ocrx_word' id='word_1_109' title='bbox 733 1750 762 1797; x_wconf 82' lang='lat' dir='ltr'>V.</span> <span class='ocrx_word' id='word_1_110' title='bbox 776 1749 803 1798; x_wconf 84' lang='lat' dir='ltr'>L.</span> <span class='ocrx_word' id='word_1_111' title='bbox 824 1746 940 1817; x_wconf 75' lang='lat' dir='ltr'>Explicat</span> <span class='ocrx_word' id='word_1_112' title='bbox 963 1760 1058 1798; x_wconf 80' lang='lat' dir='ltr'>tamen</span> <span class='ocrx_word' id='word_1_113' title='bbox 1079 1766 1133 1797; x_wconf 73' lang='lat' dir='ltr'>wa</span> <span class='ocrx_word' id='word_1_114' title='bbox 1150 1747 1230 1817; x_wconf 66' lang='lat' dir='ltr'>dayes</span> 
     </span>
     <span class='ocr_line' id='line_1_15' title="bbox 191 1822 1229 1899; baseline -0.004 -20"><span class='ocrx_word' id='word_1_115' title='bbox 191 1826 269 1879; x_wconf 84' lang='lat' dir='ltr'>rebus</span> <span class='ocrx_word' id='word_1_116' title='bbox 282 1829 309 1878; x_wconf 88' lang='lat' dir='ltr'>iu</span> <span class='ocrx_word' id='word_1_117' title='bbox 322 1827 393 1879; x_wconf 88' lang='lat' dir='ltr'>duris</span> <span class='ocrx_word' id='word_1_118' title='bbox 403 1840 427 1879; x_wconf 89' lang='lat' dir='ltr'>et</span> <span class='ocrx_word' id='word_1_119' title='bbox 438 1827 563 1888; x_wconf 83' lang='lat' dir='ltr'>adversis,</span> <span class='ocrx_word' id='word_1_120' title='bbox 571 1828 693 1899; x_wconf 73' lang='lat' dir='ltr'>fuqitunt</span> <span class='ocrx_word' id='word_1_121' title='bbox 732 1829 762 1876; x_wconf 88' lang='lat' dir='ltr'>V.</span> <span class='ocrx_word' id='word_1_122' title='bbox 775 1828 813 1878; x_wconf 78' lang='lat' dir='ltr'>cl.</span> <span class='ocrx_word' id='word_1_123' title='bbox 827 1826 883 1877; x_wconf 85' lang='lat' dir='ltr'>obs.</span> <span class='ocrx_word' id='word_1_124' title='bbox 902 1828 958 1877; x_wconf 89' lang='lat' dir='ltr'>crit.</span> <span class='ocrx_word' id='word_1_125' title='bbox 978 1844 1041 1896; x_wconf 81' lang='lat' dir='ltr'>rap.</span> <span class='ocrx_word' id='word_1_126' title='bbox 1059 1827 1146 1887; x_wconf 81' lang='lat' dir='ltr'>XXV,</span> <span class='ocrx_word' id='word_1_127' title='bbox 1159 1846 1183 1897; x_wconf 90' lang='lat' dir='ltr'>p.</span> <span class='ocrx_word' id='word_1_128' title='bbox 1194 1822 1229 1886; x_wconf 74' lang='lat'>55,</span> 
     </span>
     <span class='ocr_line' id='line_1_16' title="bbox 192 1903 1230 1978; baseline 0 -23"><span class='ocrx_word' id='word_1_129' title='bbox 192 1906 297 1970; x_wconf 84' lang='lat' dir='ltr'>inertes,</span> <span class='ocrx_word' id='word_1_130' title='bbox 310 1925 396 1958; x_wconf 82' lang='lat' dir='ltr'>vocem</span> <span class='ocrx_word' id='word_1_131' title='bbox 409 1906 547 1976; x_wconf 71' lang='lat' dir='ltr'>praecludit</span> <span class='ocrx_word' id='word_1_132' title='bbox 558 1918 646 1957; x_wconf 82' lang='lat' dir='ltr'>metus.</span> <span class='ocrx_word' id='word_1_133' title='bbox 731 1906 758 1958; x_wconf 73' lang='lat' dir='ltr'>ri</span> <span class='ocrx_word' id='word_1_134' title='bbox 772 1918 901 1978; x_wconf 73' lang='lat' dir='ltr'>roqantes,</span> <span class='ocrx_word' id='word_1_135' title='bbox 916 1924 1002 1968; x_wconf 85' lang='lat' dir='ltr'>rante,</span> <span class='ocrx_word' id='word_1_136' title='bbox 1018 1925 1083 1977; x_wconf 82' lang='lat' dir='ltr'>qna·</span> <span class='ocrx_word' id='word_1_137' title='bbox 1097 1925 1186 1977; x_wconf 66' lang='lat' dir='ltr'>rogare</span> <span class='ocrx_word' id='word_1_138' title='bbox 1196 1903 1230 1955; x_wconf 82' lang='lat' dir='ltr'>de·</span> 
     </span>
    </p>

    <p class='ocr_par' dir='ltr' id='par_1_5' title="bbox 191 1983 1237 3561">
     <span class='ocr_line' id='line_1_17' title="bbox 229 1983 1230 2055; baseline -0.001 -20"><span class='ocrx_word' id='word_1_139' title='bbox 229 2001 270 2035; x_wconf 82' lang='lat' dir='ltr'>ax.</span> <span class='ocrx_word' id='word_1_140' title='bbox 292 1988 381 2048; x_wconf 88' lang='lat' dir='ltr'>omni,</span> <span class='ocrx_word' id='word_1_141' title='bbox 403 1988 487 2037; x_wconf 82' lang='lat' dir='ltr'>omnis</span> <span class='ocrx_word' id='word_1_142' title='bbox 507 1989 616 2055; x_wconf 70' lang='lat' dir='ltr'>generis.</span> <span class='ocrx_word' id='word_1_143' title='bbox 638 1986 692 2036; x_wconf 87' lang='lat' dir='ltr'>Cic.</span> <span class='ocrx_word' id='word_1_144' title='bbox 733 1999 875 2046; x_wconf 81' lang='lat' dir='ltr'>creverant,</span> <span class='ocrx_word' id='word_1_145' title='bbox 886 1986 979 2035; x_wconf 82' lang='lat' dir='ltr'>misere</span> <span class='ocrx_word' id='word_1_146' title='bbox 988 1983 1108 2054; x_wconf 77' lang='lat' dir='ltr'>legatos,</span> <span class='ocrx_word' id='word_1_147' title='bbox 1117 1998 1230 2055; x_wconf 59' lang='lat' dir='ltr'>rogantes</span> 
     </span>
     <span class='ocr_line' id='line_1_18' title="bbox 192 2065 1232 2134; baseline 0.003 -20"><span class='ocrx_word' id='word_1_148' title='bbox 192 2066 265 2114; x_wconf 84' lang='lat' dir='ltr'>Verr.</span> <span class='ocrx_word' id='word_1_149' title='bbox 283 2066 319 2125; x_wconf 94' lang='lat' dir='ltr'>ll,</span> <span class='ocrx_word' id='word_1_150' title='bbox 340 2082 384 2132; x_wconf 84' lang='lat'>17,</span> <span class='ocrx_word' id='word_1_151' title='bbox 398 2065 517 2116; x_wconf 83' lang='lat' dir='ltr'>omnibus</span> <span class='ocrx_word' id='word_1_152' title='bbox 531 2065 636 2117; x_wconf 81' lang='lat' dir='ltr'>insidiis.</span> <span class='ocrx_word' id='word_1_153' title='bbox 652 2065 691 2113; x_wconf 74' lang='lat' dir='ltr'>cf.</span> <span class='ocrx_word' id='word_1_154' title='bbox 732 2065 790 2116; x_wconf 83' lang='lat' dir='ltr'>Virl.</span> <span class='ocrx_word' id='word_1_155' title='bbox 808 2065 824 2114; x_wconf 97' lang='lat' dir='ltr'>l.</span> <span class='ocrx_word' id='word_1_156' title='bbox 844 2084 866 2116; x_wconf 88' lang='lat' dir='ltr'>c.</span> <span class='ocrx_word' id='word_1_157' title='bbox 888 2077 912 2113; x_wconf 90' lang='lat' dir='ltr'>et</span> <span class='ocrx_word' id='word_1_158' title='bbox 930 2065 1007 2114; x_wconf 85' lang='lat' dir='ltr'>Misc.</span> <span class='ocrx_word' id='word_1_159' title='bbox 1027 2065 1180 2117; x_wconf 81' lang='lat' dir='ltr'>Observan-</span> <span class='ocrx_word' id='word_1_160' title='bbox 1195 2080 1232 2134; x_wconf 76' lang='lat' dir='ltr'>ptr</span> 
     </span>
     <span class='ocr_line' id='line_1_19' title="bbox 191 2140 1229 2214; baseline 0 -23"><span class='ocrx_word' id='word_1_161' title='bbox 191 2140 236 2192; x_wconf 90' lang='lat' dir='ltr'>lib.</span> <span class='ocrx_word' id='word_1_162' title='bbox 251 2144 275 2205; x_wconf 91' lang='lat' dir='ltr'>l,</span> <span class='ocrx_word' id='word_1_163' title='bbox 288 2142 341 2193; x_wconf 86' lang='lat' dir='ltr'>fab.</span> <span class='ocrx_word' id='word_1_164' title='bbox 356 2144 453 2207; x_wconf 70' lang='lat' dir='ltr'>xm,</span> <span class='ocrx_word' id='word_1_165' title='bbox 466 2160 492 2211; x_wconf 84' lang='lat'>9.</span> <span class='ocrx_word' id='word_1_166' title='bbox 506 2143 574 2195; x_wconf 88' lang='lat' dir='ltr'>Male</span> <span class='ocrx_word' id='word_1_167' title='bbox 589 2142 694 2214; x_wconf 84' lang='lat' dir='ltr'>quidam</span> <span class='ocrx_word' id='word_1_168' title='bbox 734 2147 817 2195; x_wconf 85' lang='lat' dir='ltr'>llurm.</span> <span class='ocrx_word' id='word_1_169' title='bbox 827 2157 851 2194; x_wconf 90' lang='lat' dir='ltr'>et</span> <span class='ocrx_word' id='word_1_170' title='bbox 859 2141 1014 2195; x_wconf 79' lang='lat' dir='ltr'>d&#39;Orrilium</span> <span class='ocrx_word' id='word_1_171' title='bbox 1022 2143 1124 2207; x_wconf 85' lang='lat' dir='ltr'>editas,</span> <span class='ocrx_word' id='word_1_172' title='bbox 1135 2142 1229 2199; x_wconf 84' lang='lat' dir='ltr'>Vollll,</span> 
     </span>
     <span class='ocr_line' id='line_1_20' title="bbox 193 2221 1231 2295; baseline -0.001 -22"><span class='ocrx_word' id='word_1_173' title='bbox 193 2221 325 2292; x_wconf 85' lang='lat' dir='ltr'>explicant</span> <span class='ocrx_word' id='word_1_174' title='bbox 336 2225 694 2283; x_wconf 68' lang='lat' dir='ltr'>omnicoetumelimontu-</span> <span class='ocrx_word' id='word_1_175' title='bbox 733 2227 764 2275; x_wconf 87' lang='lat' dir='ltr'>T.</span> <span class='ocrx_word' id='word_1_176' title='bbox 783 2227 807 2288; x_wconf 87' lang='lat' dir='ltr'>l,</span> <span class='ocrx_word' id='word_1_177' title='bbox 829 2244 855 2295; x_wconf 88' lang='lat' dir='ltr'>p.</span> <span class='ocrx_word' id='word_1_178' title='bbox 880 2222 941 2287; x_wconf 66' lang='lat'>142,</span> <span class='ocrx_word' id='word_1_179' title='bbox 963 2222 1009 2274; x_wconf 90' lang='lat' dir='ltr'>ubi</span> <span class='ocrx_word' id='word_1_180' title='bbox 1030 2224 1231 2277; x_wconf 77' lang='lat' dir='ltr'>Graeeismnmia</span> 
     </span>
     <span class='ocr_line' id='line_1_21' title="bbox 195 2302 1218 2377; baseline 0.004 -24"><span class='ocrx_word' id='word_1_181' title='bbox 195 2302 379 2356; x_wconf 83' lang='lat' dir='ltr'>meliosissimo.</span> <span class='ocrx_word' id='word_1_182' title='bbox 404 2335 439 2344; x_wconf 92' lang='lat'><em>-</em></span> <span class='ocrx_word' id='word_1_183' title='bbox 459 2305 627 2355; x_wconf 80' lang='lat' dir='ltr'>contumelia.</span> <span class='ocrx_word' id='word_1_184' title='bbox 650 2305 696 2354; x_wconf 86' lang='lat' dir='ltr'>Be—</span> <span class='ocrx_word' id='word_1_185' title='bbox 735 2317 916 2377; x_wconf 73' lang='lat' dir='ltr'>mqantesesse</span> <span class='ocrx_word' id='word_1_186' title='bbox 929 2302 1218 2356; x_wconf 67' lang='lat' dir='ltr'>demonstratAbmel</span> 
     </span>
     <span class='ocr_line' id='line_1_22' title="bbox 195 2383 1233 2457; baseline 0.004 -23"><span class='ocrx_word' id='word_1_187' title='bbox 195 2383 373 2455; x_wconf 66' lang='lat' dir='ltr'>schtmpjimq,</span> <span class='ocrx_word' id='word_1_188' title='bbox 399 2384 606 2456; x_wconf 72' lang='lat' dir='ltr'>Missliondlunq.</span> <span class='ocrx_word' id='word_1_189' title='bbox 634 2384 694 2432; x_wconf 85' lang='lat' dir='ltr'>Non</span> <span class='ocrx_word' id='word_1_190' title='bbox 771 2385 812 2451; x_wconf 69' lang='lat'>24.</span> <span class='ocrx_word' id='word_1_191' title='bbox 833 2383 953 2454; x_wconf 80' lang='lat' dir='ltr'>ltydmm.</span> <span class='ocrx_word' id='word_1_192' title='bbox 976 2384 1089 2456; x_wconf 77' lang='lat' dir='ltr'>llydrns</span> <span class='ocrx_word' id='word_1_193' title='bbox 1110 2400 1147 2437; x_wconf 81' lang='lat' dir='ltr'>est</span> <span class='ocrx_word' id='word_1_194' title='bbox 1166 2398 1233 2457; x_wconf 65' lang='lat' dir='ltr'>gen</span> 
     </span>
     <span class='ocr_line' id='line_1_23' title="bbox 194 2462 1232 2535; baseline 0 -22"><span class='ocrx_word' id='word_1_195' title='bbox 194 2463 333 2513; x_wconf 83' lang='lat' dir='ltr'>verborum</span> <span class='ocrx_word' id='word_1_196' title='bbox 351 2462 444 2525; x_wconf 89' lang='lat' dir='ltr'>modo,</span> <span class='ocrx_word' id='word_1_197' title='bbox 463 2463 508 2514; x_wconf 90' lang='lat' dir='ltr'>sed</span> <span class='ocrx_word' id='word_1_198' title='bbox 524 2482 618 2513; x_wconf 86' lang='lat' dir='ltr'>rerum.</span> <span class='ocrx_word' id='word_1_199' title='bbox 638 2464 694 2512; x_wconf 86' lang='lat' dir='ltr'>Huc</span> <span class='ocrx_word' id='word_1_200' title='bbox 735 2468 871 2533; x_wconf 70' lang='lat' dir='ltr'>anguium,</span> <span class='ocrx_word' id='word_1_201' title='bbox 884 2467 910 2514; x_wconf 93' lang='lat' dir='ltr'>in</span> <span class='ocrx_word' id='word_1_202' title='bbox 923 2464 1232 2535; x_wconf 65' lang='lat' dir='ltr'>aquadegentiumd&#39;e&#39;x.</span> 
     </span>
     <span class='ocr_line' id='line_1_24' title="bbox 195 2540 1234 2610; baseline -0.003 -19"><span class='ocrx_word' id='word_1_203' title='bbox 195 2543 264 2591; x_wconf 87' lang='lat' dir='ltr'>enim</span> <span class='ocrx_word' id='word_1_204' title='bbox 278 2543 389 2591; x_wconf 86' lang='lat' dir='ltr'>maxime</span> <span class='ocrx_word' id='word_1_205' title='bbox 402 2552 501 2610; x_wconf 84' lang='lat' dir='ltr'>spectat</span> <span class='ocrx_word' id='word_1_206' title='bbox 516 2540 595 2590; x_wconf 78' lang='lat' dir='ltr'>verbo</span> <span class='ocrx_word' id='word_1_207' title='bbox 608 2541 694 2610; x_wconf 81' lang='lat' dir='ltr'>inqui·</span> <span class='ocrx_word' id='word_1_208' title='bbox 737 2547 766 2594; x_wconf 87' lang='grc' dir='ltr'>Η,</span> <span class='ocrx_word' id='word_1_209' title='bbox 780 2547 811 2595; x_wconf 83' lang='grc' dir='ltr'>Ν,</span> <span class='ocrx_word' id='word_1_210' title='bbox 825 2544 920 2604; x_wconf 69' lang='lat' dir='ltr'>xm,</span> <span class='ocrx_word' id='word_1_211' title='bbox 931 2541 965 2606; x_wconf 61' lang='lat'>4:</span> <span class='ocrx_word' id='word_1_212' title='bbox 980 2566 991 2587; x_wconf 77' lang='grc' dir='ltr'>ι</span> <span class='ocrx_word' id='word_1_213' title='bbox 1002 2546 1032 2593; x_wconf 78' lang='lat' dir='ltr'>in</span> <span class='ocrx_word' id='word_1_214' title='bbox 1044 2544 1114 2596; x_wconf 68' lang='lat' dir='ltr'>orbe</span> <span class='ocrx_word' id='word_1_215' title='bbox 1123 2558 1234 2596; x_wconf 69' lang='lat' dir='ltr'>im</span> 
     </span>
     <span class='ocr_line' id='line_1_25' title="bbox 196 2617 1234 2693; baseline 0.004 -27"><span class='ocrx_word' id='word_1_216' title='bbox 196 2629 310 2680; x_wconf 78' lang='lat' dir='ltr'>nossent,</span> <span class='ocrx_word' id='word_1_217' title='bbox 328 2620 400 2686; x_wconf 86' lang='lat' dir='ltr'>quasi</span> <span class='ocrx_word' id='word_1_218' title='bbox 416 2617 526 2675; x_wconf 88' lang='lat' dir='ltr'>diceret,</span> <span class='ocrx_word' id='word_1_219' title='bbox 543 2620 695 2686; x_wconf 85' lang='lat' dir='ltr'>conspuisse</span> <span class='ocrx_word' id='word_1_220' title='bbox 736 2622 935 2692; x_wconf 71' lang='lat' dir='ltr'>pulcherrimum</span> <span class='ocrx_word' id='word_1_221' title='bbox 951 2625 1086 2690; x_wconf 72' lang='lat' dir='ltr'>anguium</span> <span class='ocrx_word' id='word_1_222' title='bbox 1101 2640 1178 2693; x_wconf 71' lang='lat' dir='ltr'>genos</span> <span class='ocrx_word' id='word_1_223' title='bbox 1189 2634 1234 2680; x_wconf 82' lang='lat' dir='ltr'>est,</span> 
     </span>
     <span class='ocr_line' id='line_1_26' title="bbox 195 2693 1234 2770; baseline 0.004 -26"><span class='ocrx_word' id='word_1_224' title='bbox 195 2696 221 2744; x_wconf 90' lang='lat' dir='ltr'>in</span> <span class='ocrx_word' id='word_1_225' title='bbox 243 2693 269 2743; x_wconf 92' lang='lat' dir='ltr'>id</span> <span class='ocrx_word' id='word_1_226' title='bbox 288 2707 313 2744; x_wconf 89' lang='lat' dir='ltr'>et</span> <span class='ocrx_word' id='word_1_227' title='bbox 333 2713 497 2745; x_wconf 85' lang='lat' dir='ltr'>concacasse.</span> <span class='ocrx_word' id='word_1_228' title='bbox 518 2694 576 2744; x_wconf 82' lang='lat' dir='ltr'>Vid.</span> <span class='ocrx_word' id='word_1_229' title='bbox 596 2714 631 2744; x_wconf 79' lang='lat' dir='ltr'>rs.</span> <span class='ocrx_word' id='word_1_230' title='bbox 653 2712 693 2745; x_wconf 83' lang='lat' dir='ltr'>ao.</span> <span class='ocrx_word' id='word_1_231' title='bbox 737 2699 806 2770; x_wconf 77' lang='lat' dir='ltr'>quod</span> <span class='ocrx_word' id='word_1_232' title='bbox 819 2702 843 2750; x_wconf 81' lang='lat' dir='ltr'>in</span> <span class='ocrx_word' id='word_1_233' title='bbox 853 2717 919 2768; x_wconf 81' lang='lat' dir='ltr'>aqua</span> <span class='ocrx_word' id='word_1_234' title='bbox 928 2701 1004 2762; x_wconf 79' lang='lat' dir='ltr'>vivit,</span> <span class='ocrx_word' id='word_1_235' title='bbox 1018 2700 1234 2770; x_wconf 71' lang='lat' dir='ltr'>hydrivocentur,</span> 
     </span>
     <span class='ocr_line' id='line_1_27' title="bbox 196 2772 1234 2847; baseline 0.012 -26"><span class='ocrx_word' id='word_1_236' title='bbox 196 2773 281 2841; x_wconf 77' lang='lat' dir='ltr'>Atque</span> <span class='ocrx_word' id='word_1_237' title='bbox 291 2773 326 2822; x_wconf 84' lang='lat' dir='ltr'>ita</span> <span class='ocrx_word' id='word_1_238' title='bbox 337 2791 400 2822; x_wconf 81' lang='lat' dir='ltr'>voce</span> <span class='ocrx_word' id='word_1_239' title='bbox 410 2772 460 2823; x_wconf 82' lang='lat' dir='ltr'>liae</span> <span class='ocrx_word' id='word_1_240' title='bbox 470 2786 577 2823; x_wconf 91' lang='lat' dir='ltr'>utuntur</span> <span class='ocrx_word' id='word_1_241' title='bbox 587 2776 696 2842; x_wconf 85' lang='lat' dir='ltr'>scripto·</span> <span class='ocrx_word' id='word_1_242' title='bbox 736 2779 812 2828; x_wconf 86' lang='lat' dir='ltr'>nullis</span> <span class='ocrx_word' id='word_1_243' title='bbox 830 2779 990 2847; x_wconf 77' lang='lat' dir='ltr'>serpentium</span> <span class='ocrx_word' id='word_1_244' title='bbox 1010 2781 1153 2832; x_wconf 77' lang='lat' dir='ltr'>inferiores</span> <span class='ocrx_word' id='word_1_245' title='bbox 1168 2796 1234 2829; x_wconf 70' lang='lat' dir='ltr'>veut·</span> 
     </span>
     <span class='ocr_line' id='line_1_28' title="bbox 197 2852 1236 2930; baseline 0.005 -28"><span class='ocrx_word' id='word_1_246' title='bbox 197 2871 244 2904; x_wconf 86' lang='lat' dir='ltr'>res.</span> <span class='ocrx_word' id='word_1_247' title='bbox 258 2852 317 2903; x_wconf 86' lang='lat' dir='ltr'>Sen.</span> <span class='ocrx_word' id='word_1_248' title='bbox 333 2854 380 2915; x_wconf 87' lang='lat' dir='ltr'>lll,</span> <span class='ocrx_word' id='word_1_249' title='bbox 395 2852 427 2902; x_wconf 82' lang='lat' dir='ltr'>dn</span> <span class='ocrx_word' id='word_1_250' title='bbox 440 2856 492 2915; x_wconf 84' lang='lat' dir='ltr'>lra,</span> <span class='ocrx_word' id='word_1_251' title='bbox 508 2854 557 2904; x_wconf 84' lang='lat'>38:</span> <span class='ocrx_word' id='word_1_252' title='bbox 576 2878 586 2897; x_wconf 77' lang='grc' dir='ltr'>ι</span> <span class='ocrx_word' id='word_1_253' title='bbox 597 2854 695 2904; x_wconf 84' lang='lat' dir='ltr'>Contu·</span> <span class='ocrx_word' id='word_1_254' title='bbox 735 2876 778 2906; x_wconf 87' lang='lat' dir='ltr'>uo.</span> <span class='ocrx_word' id='word_1_255' title='bbox 791 2879 801 2900; x_wconf 76' lang='grc' dir='ltr'>ι</span> <span class='ocrx_word' id='word_1_256' title='bbox 814 2858 881 2925; x_wconf 81' lang='lat' dir='ltr'>Apte</span> <span class='ocrx_word' id='word_1_257' title='bbox 892 2868 979 2905; x_wconf 76' lang='lat' dir='ltr'>atatem</span> <span class='ocrx_word' id='word_1_258' title='bbox 989 2855 1059 2908; x_wconf 80' lang='lat' dir='ltr'>dixit</span> <span class='ocrx_word' id='word_1_259' title='bbox 1069 2856 1236 2930; x_wconf 53' lang='lat' dir='ltr'>hydrum&amp;</span> 
     </span>
     <span class='ocr_line' id='line_1_29' title="bbox 196 2930 1234 3009; baseline 0.004 -27"><span class='ocrx_word' id='word_1_260' title='bbox 196 2930 298 2982; x_wconf 86' lang='lat' dir='ltr'>meliam</span> <span class='ocrx_word' id='word_1_261' title='bbox 310 2930 357 2983; x_wconf 89' lang='lat' dir='ltr'>tibi</span> <span class='ocrx_word' id='word_1_262' title='bbox 371 2932 432 2982; x_wconf 82' lang='lat' dir='ltr'>lecit</span> <span class='ocrx_word' id='word_1_263' title='bbox 447 2931 547 3001; x_wconf 90' lang='lat' dir='ltr'>aliquis.</span> <span class='ocrx_word' id='word_1_264' title='bbox 563 2931 694 3000; x_wconf 75' lang='lat' dir='ltr'>Numquid</span> <span class='ocrx_word' id='word_1_265' title='bbox 736 2939 803 2988; x_wconf 63' lang='lat' dir='ltr'>onim</span> <span class='ocrx_word' id='word_1_266' title='bbox 815 2939 923 2987; x_wconf 75' lang='lat' dir='ltr'>maxime</span> <span class='ocrx_word' id='word_1_267' title='bbox 934 2955 1014 2986; x_wconf 82' lang='lat' dir='ltr'>ranas</span> <span class='ocrx_word' id='word_1_268' title='bbox 1027 2942 1143 3009; x_wconf 67' lang='lat' dir='ltr'>appetit,</span> <span class='ocrx_word' id='word_1_269' title='bbox 1157 2938 1234 2991; x_wconf 80' lang='lat' dir='ltr'>AElian.</span> 
     </span>
     <span class='ocr_line' id='line_1_30' title="bbox 196 3012 1236 3083; baseline 0.005 -19"><span class='ocrx_word' id='word_1_270' title='bbox 196 3017 332 3083; x_wconf 76' lang='lat' dir='ltr'>majorem,</span> <span class='ocrx_word' id='word_1_271' title='bbox 348 3032 427 3083; x_wconf 81' lang='lat' dir='ltr'>quam</span> <span class='ocrx_word' id='word_1_272' title='bbox 442 3014 565 3082; x_wconf 70' lang='lat' dir='ltr'>Diogeni,</span> <span class='ocrx_word' id='word_1_273' title='bbox 579 3013 696 3083; x_wconf 81' lang='lat' dir='ltr'>pliiluso·</span> <span class='ocrx_word' id='word_1_274' title='bbox 736 3017 795 3078; x_wconf 82' lang='lat' dir='ltr'>Xll,</span> <span class='ocrx_word' id='word_1_275' title='bbox 817 3016 861 3064; x_wconf 79' lang='lat'>¹5:</span> <span class='ocrx_word' id='word_1_276' title='bbox 881 3012 931 3079; x_wconf 72' lang='grc' dir='ltr'>πιρὶ</span> <span class='ocrx_word' id='word_1_277' title='bbox 949 3012 1026 3079; x_wconf 64' lang='grc' dir='ltr'><em>ζόαν·</em></span> <span class='ocrx_word' id='word_1_278' title='bbox 1047 3016 1170 3082; x_wconf 58' lang='lat' dir='ltr'>siriam</span> <span class='ocrx_word' id='word_1_279' title='bbox 1184 3016 1236 3079; x_wconf 54' lang='lat' dir='ltr'>idm</span> 
     </span>
     <span class='ocr_line' id='line_1_31' title="bbox 195 3084 1234 3166; baseline -0.005 -20"><span class='ocrx_word' id='word_1_280' title='bbox 195 3093 489 3166; x_wconf 76' lang='lat' dir='ltr'>phoStuicolcuideira</span> <span class='ocrx_word' id='word_1_281' title='bbox 498 3112 577 3164; x_wconf 77' lang='lat' dir='ltr'>(pium</span> <span class='ocrx_word' id='word_1_282' title='bbox 586 3096 695 3144; x_wconf 81' lang='lat' dir='ltr'>maxime</span> <span class='ocrx_word' id='word_1_283' title='bbox 732 3094 807 3158; x_wconf 67' lang='grc' dir='ltr'>μισεῖ,</span> <span class='ocrx_word' id='word_1_284' title='bbox 823 3084 866 3143; x_wconf 74' lang='lat' dir='ltr'>iud</span> <span class='ocrx_word' id='word_1_285' title='bbox 880 3092 980 3144; x_wconf 67' lang='lat' dir='ltr'>lidorius</span> <span class='ocrx_word' id='word_1_286' title='bbox 994 3093 1111 3161; x_wconf 71' lang='grc' dir='ltr'>ἰοχυμῖς.</span> <span class='ocrx_word' id='word_1_287' title='bbox 1126 3098 1166 3149; x_wconf 73' lang='lat' dir='ltr'>Cf.</span> <span class='ocrx_word' id='word_1_288' title='bbox 1177 3097 1198 3147; x_wconf 84' lang='lat' dir='ltr'>J.</span> <span class='ocrx_word' id='word_1_289' title='bbox 1210 3092 1234 3144; x_wconf 79' lang='lat' dir='ltr'>C.</span> 
     </span>
     <span class='ocr_line' id='line_1_32' title="bbox 194 3171 1235 3245; baseline -0.003 -19"><span class='ocrx_word' id='word_1_290' title='bbox 194 3174 328 3228; x_wconf 75' lang='lat' dir='ltr'>disserenti</span> <span class='ocrx_word' id='word_1_291' title='bbox 341 3175 492 3226; x_wconf 81' lang='lat' dir='ltr'>adolescens</span> <span class='ocrx_word' id='word_1_292' title='bbox 507 3188 641 3245; x_wconf 75' lang='lat' dir='ltr'>protervus</span> <span class='ocrx_word' id='word_1_293' title='bbox 655 3176 694 3224; x_wconf 89' lang='lat' dir='ltr'>in·</span> <span class='ocrx_word' id='word_1_294' title='bbox 734 3171 855 3241; x_wconf 74' lang='lat' dir='ltr'>Scaliger.</span> <span class='ocrx_word' id='word_1_295' title='bbox 875 3174 901 3221; x_wconf 92' lang='lat' dir='ltr'>in</span> <span class='ocrx_word' id='word_1_296' title='bbox 918 3173 1029 3223; x_wconf 78' lang='lat' dir='ltr'>Aristot.</span> <span class='ocrx_word' id='word_1_297' title='bbox 1051 3177 1086 3226; x_wconf 87' lang='lat' dir='ltr'>ll.</span> <span class='ocrx_word' id='word_1_298' title='bbox 1105 3176 1136 3225; x_wconf 76' lang='lat' dir='ltr'>A.</span> <span class='ocrx_word' id='word_1_299' title='bbox 1152 3174 1193 3225; x_wconf 83' lang='lat' dir='ltr'>lib</span> <span class='ocrx_word' id='word_1_300' title='bbox 1206 3174 1235 3234; x_wconf 93' lang='lat' dir='ltr'>ll,</span> 
     </span>
     <span class='ocr_line' id='line_1_33' title="bbox 195 3252 1236 3326; baseline 0.002 -20"><span class='ocrx_word' id='word_1_301' title='bbox 195 3257 294 3326; x_wconf 74' lang='lat' dir='ltr'>spuit·</span> <span class='ocrx_word' id='word_1_302' title='bbox 316 3257 438 3325; x_wconf 69' lang='lat' dir='ltr'>Inspicere</span> <span class='ocrx_word' id='word_1_303' title='bbox 454 3255 496 3305; x_wconf 81' lang='lat' dir='ltr'>hie</span> <span class='ocrx_word' id='word_1_304' title='bbox 510 3255 693 3305; x_wconf 84' lang='lat' dir='ltr'>coutumeliam</span> <span class='ocrx_word' id='word_1_305' title='bbox 734 3273 755 3304; x_wconf 84' lang='lat' dir='ltr'>e.</span> <span class='ocrx_word' id='word_1_306' title='bbox 777 3254 837 3311; x_wconf 74' lang='lat'>¹23,</span> <span class='ocrx_word' id='word_1_307' title='bbox 859 3273 884 3323; x_wconf 93' lang='lat' dir='ltr'>p.</span> <span class='ocrx_word' id='word_1_308' title='bbox 902 3252 962 3317; x_wconf 62' lang='lat'>2⁴3.</span> <span class='ocrx_word' id='word_1_309' title='bbox 978 3253 1049 3305; x_wconf 80' lang='lat' dir='ltr'>Vide</span> <span class='ocrx_word' id='word_1_310' title='bbox 1065 3260 1159 3315; x_wconf 86' lang='lat' dir='ltr'>etiam,</span> <span class='ocrx_word' id='word_1_311' title='bbox 1180 3270 1236 3326; x_wconf 71' lang='lat' dir='ltr'>epm</span> 
     </span>
     <span class='ocr_line' id='line_1_34' title="bbox 195 3331 1235 3407; baseline 0.003 -24"><span class='ocrx_word' id='word_1_312' title='bbox 195 3332 322 3403; x_wconf 84' lang='lat' dir='ltr'>appellat,</span> <span class='ocrx_word' id='word_1_313' title='bbox 333 3347 357 3384; x_wconf 93' lang='lat' dir='ltr'>et</span> <span class='ocrx_word' id='word_1_314' title='bbox 370 3336 407 3384; x_wconf 88' lang='lat' dir='ltr'>sio</span> <span class='ocrx_word' id='word_1_315' title='bbox 419 3353 461 3403; x_wconf 87' lang='lat' dir='ltr'>ap.</span> <span class='ocrx_word' id='word_1_316' title='bbox 477 3332 610 3384; x_wconf 69' lang='lat' dir='ltr'>Phaedrum</span> <span class='ocrx_word' id='word_1_317' title='bbox 621 3336 695 3404; x_wconf 87' lang='lat' dir='ltr'>poui-</span> <span class='ocrx_word' id='word_1_318' title='bbox 734 3331 822 3382; x_wconf 83' lang='lat' dir='ltr'>laudat</span> <span class='ocrx_word' id='word_1_319' title='bbox 833 3334 917 3382; x_wconf 85' lang='lat' dir='ltr'>Burin.</span> <span class='ocrx_word' id='word_1_320' title='bbox 928 3331 1009 3395; x_wconf 88' lang='lat' dir='ltr'>Sunt,</span> <span class='ocrx_word' id='word_1_321' title='bbox 1021 3336 1072 3404; x_wconf 87' lang='lat' dir='ltr'>qui</span> <span class='ocrx_word' id='word_1_322' title='bbox 1079 3333 1235 3407; x_wconf 66' lang='lat' dir='ltr'>perbydm</span> 
     </span>
     <span class='ocr_line' id='line_1_35' title="bbox 195 3410 1237 3484; baseline 0.008 -24"><span class='ocrx_word' id='word_1_323' title='bbox 195 3424 244 3462; x_wconf 90' lang='lat' dir='ltr'>tur.</span> <span class='ocrx_word' id='word_1_324' title='bbox 262 3410 388 3481; x_wconf 75' lang='lat' dir='ltr'>Sclieffer.</span> <span class='ocrx_word' id='word_1_325' title='bbox 403 3412 461 3462; x_wconf 89' lang='lat' dir='ltr'>Vid.</span> <span class='ocrx_word' id='word_1_326' title='bbox 482 3412 516 3462; x_wconf 88' lang='lat' dir='ltr'>ad</span> <span class='ocrx_word' id='word_1_327' title='bbox 533 3411 577 3462; x_wconf 87' lang='lat' dir='ltr'>lib.</span> <span class='ocrx_word' id='word_1_328' title='bbox 597 3415 620 3476; x_wconf 95' lang='lat' dir='ltr'>l,</span> <span class='ocrx_word' id='word_1_329' title='bbox 639 3412 692 3464; x_wconf 80' lang='lat' dir='ltr'>tab.</span> <span class='ocrx_word' id='word_1_330' title='bbox 735 3412 876 3482; x_wconf 76' lang='lat' dir='ltr'>Caligulam</span> <span class='ocrx_word' id='word_1_331' title='bbox 893 3414 968 3462; x_wconf 91' lang='lat' dir='ltr'>innui</span> <span class='ocrx_word' id='word_1_332' title='bbox 985 3426 1101 3484; x_wconf 89' lang='lat' dir='ltr'>putent,</span> <span class='ocrx_word' id='word_1_333' title='bbox 1114 3428 1146 3467; x_wconf 84' lang='lat' dir='ltr'>ut</span> <span class='ocrx_word' id='word_1_334' title='bbox 1160 3411 1237 3484; x_wconf 59' lang='lat' dir='ltr'>ilipl-</span> 
     </span>
     <span class='ocr_line' id='line_1_36' title="bbox 194 3489 1237 3561; baseline 0.006 -24"><span class='ocrx_word' id='word_1_335' title='bbox 194 3489 291 3549; x_wconf 77' lang='lat' dir='ltr'>xltlx,</span> <span class='ocrx_word' id='word_1_336' title='bbox 308 3505 330 3538; x_wconf 83' lang='lat' dir='ltr'>a.</span> <span class='ocrx_word' id='word_1_337' title='bbox 734 3493 798 3554; x_wconf 89' lang='lat' dir='ltr'>tius,</span> <span class='ocrx_word' id='word_1_338' title='bbox 809 3489 922 3553; x_wconf 84' lang='lat' dir='ltr'>Gudius,</span> <span class='ocrx_word' id='word_1_339' title='bbox 936 3492 1180 3561; x_wconf 74' lang='lat' dir='ltr'>Pagensteolierus,</span> <span class='ocrx_word' id='word_1_340' title='bbox 1191 3492 1237 3543; x_wconf 79' lang='lat' dir='ltr'>Tri·</span> 
     </span>
    </p>

    <p class='ocr_par' dir='ltr' id='par_1_6' title="bbox 193 3569 1236 4279">
     <span class='ocr_line' id='line_1_37' title="bbox 231 3569 1236 3646; baseline 0.005 -29"><span class='ocrx_word' id='word_1_341' title='bbox 231 3586 272 3618; x_wconf 81' lang='lat' dir='ltr'>aa.</span> <span class='ocrx_word' id='word_1_342' title='bbox 288 3570 377 3619; x_wconf 75' lang='lat' dir='ltr'>misere</span> <span class='ocrx_word' id='word_1_343' title='bbox 390 3587 458 3620; x_wconf 85' lang='lat' dir='ltr'>ranae</span> <span class='ocrx_word' id='word_1_344' title='bbox 472 3569 584 3639; x_wconf 70' lang='lat' dir='ltr'>legatos,</span> <span class='ocrx_word' id='word_1_345' title='bbox 602 3588 695 3641; x_wconf 68' lang='lat' dir='ltr'>royan-</span> <span class='ocrx_word' id='word_1_346' title='bbox 735 3585 836 3633; x_wconf 81' lang='lat' dir='ltr'>stantis,</span> <span class='ocrx_word' id='word_1_347' title='bbox 850 3573 973 3635; x_wconf 79' lang='lat' dir='ltr'>Ursinus,</span> <span class='ocrx_word' id='word_1_348' title='bbox 982 3572 1111 3646; x_wconf 78' lang='lat' dir='ltr'>alii3qua·</span> <span class='ocrx_word' id='word_1_349' title='bbox 1119 3574 1236 3628; x_wconf 77' lang='lat' dir='ltr'>sententia</span> 
     </span>
     <span class='ocr_line' id='line_1_38' title="bbox 193 3648 1236 3724; baseline 0.007 -27"><span class='ocrx_word' id='word_1_350' title='bbox 193 3658 241 3707; x_wconf 78' lang='lat' dir='ltr'>tes,</span> <span class='ocrx_word' id='word_1_351' title='bbox 254 3650 297 3717; x_wconf 89' lang='lat' dir='ltr'>qui</span> <span class='ocrx_word' id='word_1_352' title='bbox 309 3663 429 3718; x_wconf 74' lang='lat' dir='ltr'>rogarent</span> <span class='ocrx_word' id='word_1_353' title='bbox 441 3649 521 3700; x_wconf 83' lang='lat' dir='ltr'>ulium</span> <span class='ocrx_word' id='word_1_354' title='bbox 533 3671 625 3722; x_wconf 71' lang='lat' dir='ltr'>repem.</span> <span class='ocrx_word' id='word_1_355' title='bbox 637 3655 694 3703; x_wconf 89' lang='lat' dir='ltr'>Pari</span> <span class='ocrx_word' id='word_1_356' title='bbox 734 3649 851 3720; x_wconf 82' lang='lat' dir='ltr'>displicet</span> <span class='ocrx_word' id='word_1_357' title='bbox 870 3648 1021 3715; x_wconf 80' lang='lat' dir='ltr'>Sebeffero,</span> <span class='ocrx_word' id='word_1_358' title='bbox 1044 3657 1093 3724; x_wconf 86' lang='lat' dir='ltr'>qui</span> <span class='ocrx_word' id='word_1_359' title='bbox 1111 3651 1236 3706; x_wconf 73' lang='lat' dir='ltr'>Ptxsdm</span> 
     </span>
     <span class='ocr_line' id='line_1_39' title="bbox 193 3727 1235 3803; baseline 0.005 -25"><span class='ocrx_word' id='word_1_360' title='bbox 193 3728 373 3780; x_wconf 83' lang='lat' dir='ltr'>modulustin.</span> <span class='ocrx_word' id='word_1_361' title='bbox 383 3729 425 3780; x_wconf 87' lang='lat' dir='ltr'>lib.</span> <span class='ocrx_word' id='word_1_362' title='bbox 435 3731 532 3791; x_wconf 77' lang='lat' dir='ltr'>XXXI,</span> <span class='ocrx_word' id='word_1_363' title='bbox 543 3751 565 3782; x_wconf 83' lang='lat' dir='ltr'>c.</span> <span class='ocrx_word' id='word_1_364' title='bbox 577 3751 590 3800; x_wconf 82' lang='lat'><strong>7</strong></span> <span class='ocrx_word' id='word_1_365' title='bbox 602 3755 608 3781; x_wconf 66' lang='grc' dir='ltr'><em>ι</em></span> <span class='ocrx_word' id='word_1_366' title='bbox 622 3756 632 3777; x_wconf 69' lang='lat' dir='ltr'>a</span> <span class='ocrx_word' id='word_1_367' title='bbox 643 3735 694 3784; x_wconf 82' lang='lat' dir='ltr'>An.</span> <span class='ocrx_word' id='word_1_368' title='bbox 735 3730 767 3780; x_wconf 87' lang='lat' dir='ltr'>ad</span> <span class='ocrx_word' id='word_1_369' title='bbox 780 3727 902 3797; x_wconf 62' lang='lat' dir='ltr'>Caligula*</span> <span class='ocrx_word' id='word_1_370' title='bbox 912 3745 1034 3801; x_wconf 88' lang='lat' dir='ltr'>tempora</span> <span class='ocrx_word' id='word_1_371' title='bbox 1046 3736 1144 3786; x_wconf 71' lang='lat' dir='ltr'>tixisse</span> <span class='ocrx_word' id='word_1_372' title='bbox 1152 3743 1235 3803; x_wconf 69' lang='lat' dir='ltr'>negat,</span> 
     </span>
     <span class='ocr_line' id='line_1_40' title="bbox 193 3807 1236 3883; baseline 0.005 -26"><span class='ocrx_word' id='word_1_373' title='bbox 193 3807 500 3877; x_wconf 68' lang='lat' dir='ltr'>tioobuslepatospacem</span> <span class='ocrx_word' id='word_1_374' title='bbox 508 3822 627 3878; x_wconf 82' lang='lat' dir='ltr'>petentes</span> <span class='ocrx_word' id='word_1_375' title='bbox 635 3814 693 3860; x_wconf 90' lang='lat' dir='ltr'>mit·</span> <span class='ocrx_word' id='word_1_376' title='bbox 734 3827 781 3860; x_wconf 87' lang='lat' dir='ltr'>nec</span> <span class='ocrx_word' id='word_1_377' title='bbox 793 3808 925 3859; x_wconf 83' lang='lat' dir='ltr'>Tiberium</span> <span class='ocrx_word' id='word_1_378' title='bbox 936 3813 1055 3879; x_wconf 84' lang='lat' dir='ltr'>speciem</span> <span class='ocrx_word' id='word_1_379' title='bbox 1066 3812 1156 3883; x_wconf 62' lang='lat' dir='ltr'>tigilli,</span> <span class='ocrx_word' id='word_1_380' title='bbox 1168 3808 1236 3882; x_wconf 74' lang='lat' dir='ltr'>quale</span> 
     </span>
     <span class='ocr_line' id='line_1_41' title="bbox 193 3885 1236 3957; baseline 0.008 -23"><span class='ocrx_word' id='word_1_381' title='bbox 193 3888 254 3936; x_wconf 57' lang='lat' dir='ltr'>iiia·</span> <span class='ocrx_word' id='word_1_382' title='bbox 277 3885 340 3950; x_wconf 66' lang='lat' dir='ltr'>Quae</span> <span class='ocrx_word' id='word_1_383' title='bbox 360 3888 498 3937; x_wconf 85' lang='lat' dir='ltr'>Burmanni</span> <span class='ocrx_word' id='word_1_384' title='bbox 515 3889 692 3956; x_wconf 85' lang='lat' dir='ltr'>interpretatio</span> <span class='ocrx_word' id='word_1_385' title='bbox 733 3889 839 3941; x_wconf 79' lang='lat' dir='ltr'>Plitedro</span> <span class='ocrx_word' id='word_1_386' title='bbox 854 3904 1029 3957; x_wconf 85' lang='lat' dir='ltr'>memoratur,</span> <span class='ocrx_word' id='word_1_387' title='bbox 1045 3893 1167 3946; x_wconf 80' lang='lat' dir='ltr'>retulisse</span> <span class='ocrx_word' id='word_1_388' title='bbox 1179 3910 1236 3945; x_wconf 83' lang='lat' dir='ltr'>eoa·</span> 
     </span>
     <span class='ocr_line' id='line_1_42' title="bbox 193 3965 1234 4041; baseline 0.007 -26"><span class='ocrx_word' id='word_1_389' title='bbox 193 3965 283 4023; x_wconf 72' lang='lat' dir='ltr'>(locet,</span> <span class='ocrx_word' id='word_1_390' title='bbox 296 3984 349 4016; x_wconf 92' lang='lat' dir='ltr'>non</span> <span class='ocrx_word' id='word_1_391' title='bbox 362 3986 429 4037; x_wconf 89' lang='lat' dir='ltr'>opus</span> <span class='ocrx_word' id='word_1_392' title='bbox 441 3985 496 4019; x_wconf 80' lang='lat' dir='ltr'>esse</span> <span class='ocrx_word' id='word_1_393' title='bbox 510 3967 692 4020; x_wconf 84' lang='lat' dir='ltr'>emendatione</span> <span class='ocrx_word' id='word_1_394' title='bbox 733 3967 822 4019; x_wconf 89' lang='lat' dir='ltr'>tendit.</span> <span class='ocrx_word' id='word_1_395' title='bbox 837 3967 886 4019; x_wconf 82' lang='lat' dir='ltr'>Sed</span> <span class='ocrx_word' id='word_1_396' title='bbox 899 3968 970 4039; x_wconf 64' lang='lat' dir='ltr'>lege,</span> <span class='ocrx_word' id='word_1_397' title='bbox 983 3989 1043 4041; x_wconf 74' lang='lat' dir='ltr'>quae</span> <span class='ocrx_word' id='word_1_398' title='bbox 1056 3972 1109 4024; x_wconf 82' lang='lat' dir='ltr'>bae</span> <span class='ocrx_word' id='word_1_399' title='bbox 1118 3972 1153 4025; x_wconf 90' lang='lat' dir='ltr'>de</span> <span class='ocrx_word' id='word_1_400' title='bbox 1164 3988 1234 4024; x_wconf 83' lang='lat' dir='ltr'>resu-</span> 
     </span>
     <span class='ocr_line' id='line_1_43' title="bbox 194 4045 1235 4119; baseline 0.005 -24"><span class='ocrx_word' id='word_1_401' title='bbox 194 4045 307 4096; x_wconf 73' lang='lat' dir='ltr'>Bentleii.</span> <span class='ocrx_word' id='word_1_402' title='bbox 318 4046 431 4111; x_wconf 86' lang='lat' dir='ltr'>Quidam</span> <span class='ocrx_word' id='word_1_403' title='bbox 441 4049 508 4097; x_wconf 91' lang='lat' dir='ltr'>enim</span> <span class='ocrx_word' id='word_1_404' title='bbox 520 4058 692 4119; x_wconf 72' lang='lat' dir='ltr'>ropantesno·</span> <span class='ocrx_word' id='word_1_405' title='bbox 732 4065 779 4117; x_wconf 86' lang='lat' dir='ltr'>pra</span> <span class='ocrx_word' id='word_1_406' title='bbox 800 4045 928 4118; x_wconf 78' lang='lat' dir='ltr'>disputavi</span> <span class='ocrx_word' id='word_1_407' title='bbox 950 4050 977 4099; x_wconf 90' lang='lat' dir='ltr'>in</span> <span class='ocrx_word' id='word_1_408' title='bbox 996 4052 1051 4102; x_wconf 74' lang='lat' dir='ltr'>sita</span> <span class='ocrx_word' id='word_1_409' title='bbox 1071 4051 1180 4103; x_wconf 67' lang='lat' dir='ltr'>Phaedri.</span> <span class='ocrx_word' id='word_1_410' title='bbox 1202 4048 1235 4100; x_wconf 82' lang='lat' dir='ltr'>lbi</span> 
     </span>
     <span class='ocr_line' id='line_1_44' title="bbox 193 4126 1235 4198; baseline 0.008 -25"><span class='ocrx_word' id='word_1_411' title='bbox 193 4126 307 4176; x_wconf 77' lang='lat' dir='ltr'>minutivi</span> <span class='ocrx_word' id='word_1_412' title='bbox 322 4143 397 4175; x_wconf 85' lang='lat' dir='ltr'>casus</span> <span class='ocrx_word' id='word_1_413' title='bbox 415 4127 535 4195; x_wconf 85' lang='lat' dir='ltr'>capiunt,</span> <span class='ocrx_word' id='word_1_414' title='bbox 555 4141 580 4177; x_wconf 90' lang='lat' dir='ltr'>et</span> <span class='ocrx_word' id='word_1_415' title='bbox 602 4128 692 4180; x_wconf 81' lang='lat' dir='ltr'>misere</span> <span class='ocrx_word' id='word_1_416' title='bbox 733 4130 814 4191; x_wconf 86' lang='lat' dir='ltr'>enim,</span> <span class='ocrx_word' id='word_1_417' title='bbox 832 4142 963 4198; x_wconf 76' lang='lat' dir='ltr'>praeunte</span> <span class='ocrx_word' id='word_1_418' title='bbox 977 4129 1162 4197; x_wconf 87' lang='lat' dir='ltr'>Desbillouio,</span> <span class='ocrx_word' id='word_1_419' title='bbox 1178 4147 1235 4181; x_wconf 84' lang='lat' dir='ltr'>eon·</span> 
     </span>
     <span class='ocr_line' id='line_1_45' title="bbox 194 4201 1232 4279; baseline 0.013 -29"><span class='ocrx_word' id='word_1_420' title='bbox 194 4201 311 4256; x_wconf 83' lang='lat' dir='ltr'>absolute</span> <span class='ocrx_word' id='word_1_421' title='bbox 320 4203 411 4255; x_wconf 83' lang='lat' dir='ltr'>volunt</span> <span class='ocrx_word' id='word_1_422' title='bbox 418 4208 532 4274; x_wconf 86' lang='lat' dir='ltr'>positum</span> <span class='ocrx_word' id='word_1_423' title='bbox 539 4224 609 4265; x_wconf 85' lang='lat' dir='ltr'>esse;</span> <span class='ocrx_word' id='word_1_424' title='bbox 620 4207 691 4276; x_wconf 86' lang='lat' dir='ltr'>quod</span> <span class='ocrx_word' id='word_1_425' title='bbox 729 4212 829 4277; x_wconf 78' lang='lat' dir='ltr'>jectura</span> <span class='ocrx_word' id='word_1_426' title='bbox 837 4209 969 4279; x_wconf 82' lang='lat' dir='ltr'>probabili</span> <span class='ocrx_word' id='word_1_427' title='bbox 977 4211 1098 4279; x_wconf 80' lang='lat' dir='ltr'>ostendi,</span> <span class='ocrx_word' id='word_1_428' title='bbox 1106 4211 1232 4266; x_wconf 65' lang='lat' dir='ltr'>Phaedm</span> 
     </span>
    </p>
   </div>
   <div class='ocr_carea' id='block_1_5' title="bbox 0 0 1425 5018">
    <p class='ocr_par' dir='ltr' id='par_1_7' title="bbox 0 0 1425 5018">
     <span class='ocr_line' id='line_1_46' title="bbox 0 0 1425 5018; baseline 0 0"><span class='ocrx_word' id='word_1_429' title='bbox 0 0 1425 5018; x_wconf 95' lang='lat' dir='ltr'> </span> 
     </span>
    </p>
   </div>
  </div>
 </body>
</html>
