2820 5018
84 4556 285 4728 k

329 428 394 523 ιρι
675 424 938 496 excussus
961 426 1027 499 ιιι

328 592 452 659 equum
464 569 515 652 jus
531 567 565 627 in
579 567 702 626 civitate
715 564 892 627 Atheniensi
911 570 1048 631 instituit
1064 571 1226 654 luerem,
1241 592 1276 640 ut
1289 583 1378 643 multis

327 688 363 727 ex
377 655 541 722 Plutarcho
556 656 614 734 (ι),
631 654 835 716 Demosthene
853 659 909 736 (a),
928 658 1010 734 aliis,
1029 662 1155 742 probat
1174 667 1219 745 (3)
1234 669 1376 730 Meursiru

325 756 454 816 Factum
472 743 529 804 hoc
546 756 615 824 post
634 743 855 823 expeditionem
867 744 974 806 Thesei
994 750 1181 828 Creticam,
1204 778 1267 838 qua
1283 756 1378 818 frande

326 852 429 901 menta
439 832 518 914 jacta
530 829 622 889 fuisse
633 830 777 890 videntur
789 831 969 893 ordinandas
981 833 1238 902 Atheniensium
1252 845 1376 926 reipubli-

327 948 379 989 cae.
389 919 535 983 Praeclara
546 918 628 976 enim
638 919 829 978 Cretensium
838 920 991 997 instituta,
1001 925 1093 1006 apud
1103 948 1192 1009 quos
1202 932 1293 991 etiam
1301 952 1375 1014 aequr

328 1011 477 1075 florebant
492 1006 570 1086 leges
583 1003 639 1083 (A),
650 1004 783 1067 Theseus
798 1007 836 1067 ad
853 1007 1053 1072 Athenienses
1069 1019 1243 1080 transtulit
1255 1023 1302 1099 (5)
1313 1023 1373 1081 θυι

326 1098 517 1165 institutione
534 1096 746 1172 Democratire,
763 1118 781 1155 a
792 1097 907 1159 Theseo
924 1100 1056 1162 Athenis
1072 1103 1181 1183 facta,
1195 1109 1330 1170 abdicato
1341 1132 1374 1169 re·

325 1211 402 1275 gno,
417 1187 582 1247 constituta
593 1205 716 1267 quoque
728 1201 771 1245 est
783 1186 1019 1250 Atheniensibus
1032 1196 1212 1273 aequabilis
1224 1200 1371 1281 reipublice

326 1274 567 1348 administratio,
581 1294 676 1353 quam
691 1274 729 1333 ad
742 1275 888 1335 Pisistrati
902 1293 1048 1360 tempora
1063 1286 1228 1346 mansisse
1239 1309 1272 1347 ex
1284 1289 1370 1347 Pausa·

325 1371 377 1431 nia
391 1366 480 1426 docet
493 1362 635 1422 laudatus
648 1364 800 1423 Meursius
812 1366 868 1443 (6),
882 1368 936 1425 etsi
948 1369 1046 1428 etiam
1061 1371 1171 1434 Solon
1186 1398 1256 1437 eam
1268 1398 1366 1436 renota·

323 1456 415 1527 verit,
427 1465 500 1511 teste
512 1450 622 1509 Seneca
634 1451 685 1531 (7)
699 1452 848 1510 Naturam
861 1451 963 1533 legum
975 1475 1156 1537 aequarum
1171 1465 1285 1524 erudite
1292 1461 1364 1546 expli·

323 1544 403 1606 cavit
422 1540 698 1620 lioenigsmannus,
715 1560 731 1597 e
747 1538 832 1620 cujus
849 1539 968 1617 libello,
987 1565 1089 1626 supra
1106 1566 1297 1627 memorato,
1308 1574 1362 1633 pau·

324 1631 409 1703 cula,
431 1650 500 1711 quae
525 1627 708 1686 illustrando
729 1625 801 1687 huic
824 1627 890 1688 loco
912 1630 1062 1693 inservire
1087 1640 1235 1716 possint,
1256 1662 1363 1722 excerpe·

323 1742 405 1795 mus3
416 1719 548 1778 maxime
555 1737 652 1797 quum
661 1715 725 1775 baec
734 1716 903 1777 dissertatio
912 1738 975 1778 non
984 1722 1025 1779 sit
1033 1723 1067 1781 in
1075 1728 1233 1788 manibus
1240 1732 1362 1789 omniun

325 1809 483 1881 uFloruit,
504 1809 609 1885 inquil,
632 1805 801 1888 respublica
821 1804 1014 1869 Atheniensis
1037 1829 1112 1893 post
1132 1838 1234 1898 reges,
1251 1822 1361 1900 quiem

322 1898 425 1959 Codro
440 1895 604 1967 desierant,
621 1894 750 1974 imperio
765 1894 923 1975 populari,
939 1896 995 1955 ubi
1010 1898 1226 1965 archontibus
1236 1909 1362 1989 perpetuit

322 1982 508 2054 constitutis,
522 1980 576 2061 qui
586 1979 636 2060 jus
647 1980 819 2040 dicentibus
832 1996 1011 2063 praeessent,
1024 2007 1160 2049 summa
1173 2014 1275 2052 rerum
1287 2015 1362 2074 popr-

320 2073 368 2134 lus
376 2071 549 2155 potiebatur
557 2069 724 2127 universus.
732 2071 811 2128 lluic
819 2083 920 2128 autem
931 2091 1001 2151 quae
1010 2076 1190 2160 qualesque
1197 2084 1361 2141 conveniunt

320 2164 414 2243 leges,
428 2180 508 2219 unus
516 2157 582 2239 jam
594 2157 757 2238 eloquatur
767 2158 937 2218 Aristoteles
946 2160 988 2239 (8)
1000 2185 1007 2220 ε
1017 2162 1084 2224 ἶσον
1097 2174 1180 2245 φησὶν
1192 2173 1207 2229 ὁ
1218 2175 1302 2250 νόμος,
1311 2174 1360 2235 isi:

320 2256 501 2333 δημοκρατίας,
516 2250 545 2306 τὸ
557 2249 633 2327 μηδὲν
644 2253 740 2327 μᾶλλον
754 2251 877 2328 ὑπάρχειν
888 2253 947 2316 τοὺς
958 2255 1075 2332 ἀπόρους
1088 2256 1106 2318 ἦ
1119 2263 1180 2326 τοὺς
1191 2264 1361 2340 &eupomp-

318 2343 345 2400 di
363 2336 540 2420 repleverim
556 2340 753 2418 ὁποτερουσοῦν,
771 2335 824 2394 ἀλλ’
841 2340 942 2415 ὁμοίους
957 2343 1129 2424 ἀμφοτέρους·
1149 2371 1164 2399 ιι
1174 2366 1294 2427 aequum
1306 2366 1360 2428 pm·

320 2429 443 2490 nuntiat
457 2426 502 2485 lex
517 2426 637 2505 imperii
652 2425 822 2507 popularis,
837 2445 900 2484 non
915 2425 985 2507 plus
1000 2448 1066 2489 csse
1088 2454 1252 2516 pauperes,
1266 2450 1314 2494 aut
1324 2434 1360 2492 di·

320 2521 407 2588 vites3
421 2536 473 2573 uec
484 2514 632 2573 ultemtms
644 2515 711 2595 plus
722 2535 823 2596 posse,
837 2513 886 2573 sed
900 2529 1050 2597 utrosque
1061 2542 1130 2582 csse
1139 2524 1273 2605 aequales
1283 2550 1297 2577 ο
1308 2525 1360 2582 Ha·

317 2606 368 2664 bes
389 2624 490 2682 {equas
510 2603 600 2680 leges,
621 2603 731 2682 quibus
748 2625 844 2684 usque
862 2603 901 2662 ad
920 2606 1126 2671 Pisistratum
1144 2612 1266 2671 floruere
1279 2609 1360 2668 Athe·

316 2692 447 2761 ilienses,
463 2688 515 2745 ubi
531 2709 616 2768 pares
632 2689 663 2746 in
679 2691 821 2749 oneribus
837 2690 982 2768 ferendis,
999 2695 1034 2754 in
1049 2694 1186 2759 fruendis
1198 2695 1356 2769 betieficiis,

316 2780 349 2837 in
362 2777 490 2857 imperio
504 2775 747 2836 administrando
761 2778 846 2837 fuere
859 2799 974 2839 omnes.
986 2805 1001 2835 ο

355 2869 450 2926 Porro
473 2886 507 2923 ex
524 2880 632 2923 natura
651 2864 752 2945 legum
769 2881 863 2926 status
880 2868 1061 2949 popularis,
1085 2875 1175 2956 quali
1190 2873 1356 2956 regebantur

315 2955 440 3016 Athena¹
459 2968 530 3013 ante
549 2968 730 3035 occupatam
752 2977 769 3013 a
790 2957 945 3016 Pisistrato
960 2979 1085 3039 arcem,
1103 2978 1214 3024 auctor
1229 2961 1353 3032 ostendit,

349 3095 387 3166 (ι)
396 3092 473 3145 Thes.
485 3112 512 3163 p.
525 3094 570 3157 23,
581 3092 648 3144 Edit.
662 3093 762 3162 Bryam'
769 3115 778 3152 ;
788 3114 814 3164 p.
862 3110 901 3157 ιι,
916 3114 947 3145 ex
958 3095 1028 3146 Edit.
1043 3096 1087 3149 (ΙΙ.
1099 3101 1190 3163 Furii,
1203 3115 1228 3152 et
1242 3096 1348 3150 Plutarch

313 3177 349 3229 60
361 3196 398 3246 sq.
416 3174 482 3225 Edit.
496 3173 621 3243 Leopold.
635 3172 669 3223 iri
686 3174 712 3223 di
725 3176 815 3237 μᾶλλοο
856 3170 933 3222 Thes.
949 3191 975 3242 p.
990 3174 1040 3237 61,
1060 3176 1111 3227 Ed.
1130 3179 1260 3250 Leopold.
1275 3180 1346 3228 Demo·

314 3254 416 3320 ιῦξισοιι
432 3253 471 3305 sir
491 3250 555 3303 πολιν
573 3251 725 3318 ῥοολᾶμιιος,
739 3252 814 3304 insitu
856 3253 1157 3321 ‹·ratiaeinstituti0nem,
1167 3255 1347 3310 aTheseottbe

312 3332 404 3387 πάντας
424 3330 462 3382 ixl
477 3332 524 3386 elie
543 3332 597 3386 issu
613 3332 754 3400 (omnibus
770 3335 813 3402 jus
854 3332 894 3380 nis
911 3332 1023 3397 factam,
1040 3336 1152 3389 videtur
1168 3343 1248 3391 etiam
1263 3343 1345 3389 unaue

313 3409 466 3482 equalitatis
479 3413 642 3481 proposuit).
854 3411 995 3477 Homerus,
1009 3416 1057 3484 qui
1071 3412 1150 3467 lliad.
1163 3419 1198 3479 β,
1212 3420 1260 3487 547
1272 3417 1344 3487 sqq-itt

348 3488 452 3559 (alVid.
465 3491 565 3540 Locum
583 3510 643 3561 pag.
659 3488 710 3558 (95
723 3505 778 3540 ιιοι.
795 3492 812 3557 A
853 3487 979 3559 Catulogo
990 3493 1343 3553 nasiunrauxiliariumsolct

311 3571 433 3632 citatum,
457 3568 500 3617 ulii
523 3568 683 3620 vocabulum
707 3569 812 3639 ι’σηομί
851 3568 1024 3624 Athenienses
1051 3575 1191 3646 populum
1223 3590 1295 3629 rorat
1315 3601 1341 3612 -

311 3647 632 3718 vertidebetoequumjus.
851 3644 960 3717 [Δῖμοη
985 3653 1003 3700 Ι.
1025 3670 1050 3702 e.
1074 3655 1213 3725 populum
1233 3657 1340 3708 demvm·

346 3728 385 3798 (3)
396 3727 448 3775 Clr.
461 3726 499 3794 Ej.
512 3725 641 3789 Theseus,
651 3744 673 3775 c.
687 3727 778 3778 xvul.
850 3729 907 3778 ticis
922 3727 1105 3798 gubernatum
1126 3733 1241 3805 legibus.
1253 3735 1280 3786 G·
1293 3729 1301 3803 Ι
1314 3758 1339 3769 ··

345 3805 383 3873 (4)
406 3802 497 3854 Gillier
519 3802 608 3853 Gesrh.
628 3822 677 3853 von
696 3803 810 3877 Altpn‘o-
849 3808 1338 3868 SiestatuitPlutamhuslocohacnota

310 3883 453 3949 chenlund,
465 3885 496 3934 T.
508 3884 532 3947 Ι,
545 3902 572 3952 p.
585 3883 712 3953 38,1.ips.
728 3888 808 3955 1787,
849 3888 937 3937 citato.

310 3966 379 4018 in.8⁰
392 3965 452 4032 maj.
882 3966 919 4036 (7)
931 3965 990 4017 vid.
1005 3966 1100 4022 locum
1111 3972 1223 4026 Seneca
1234 3990 1288 4045 pag·
1298 3967 1336 4037 493

346 4044 385 4117 (5)
395 4043 432 4094 ld.
444 4040 461 4092 Ι.
474 4061 496 4092 r.
508 4061 533 4111 p.
545 4042 592 4108 38,
605 4044 647 4112 39.
848 4060 902 4097 not.
917 4049 934 4098 6
948 4050 1069 4101 citatum.

345 4126 384 4196 (6)
393 4125 445 4175 cfr.
456 4124 494 4192 Ε).
502 4121 631 4188 Theseus,
644 4142 701 4194 cap.
716 4124 805 4175 XVlll.
882 4125 921 4195 (8)
932 4126 1007 4178 Polit.
1020 4127 1068 4180 lib.
1083 4132 1129 4191 lV,
1140 4150 1202 4204 cap.
1213 4133 1242 4198 A,
1253 4150 1276 4201 p.
1287 4126 1337 4181 tib·

310 4207 369 4259 coll.
384 4208 496 4256 Pausan.
511 4203 539 4253 in
553 4204 630 4255 Attic.
644 4222 702 4274 cap.
718 4205 764 4261 tlt,
779 4223 806 4274 p.
847 4204 914 4257 Edit.
925 4207 1051 4276 Conring.
1063 4208 1178 4265 llelmer.
1192 4206 1336 4270 1656,iul‘·
