2820 5018
202 482 265 564 436
307 480 502 545 ennom
524 478 821 544 raauaauuu
843 478 1145 553 nsortanuu

202 625 242 686 Et
254 644 357 709 genus
370 623 494 684 inerme
506 619 561 682 tali
575 617 705 706 decepit
717 617 794 684 dolo
807 648 814 683 :

198 726 308 809 Quare
321 723 495 787 sollicitum
507 723 617 810 potius
630 745 737 785 aevum
749 721 882 804 ducitis,

197 836 303 915 Quam
315 853 426 917 regem
439 852 491 892 me
504 831 620 893 creatis
634 832 698 894 icto
711 829 851 910 Ioedere,

197 938 269 1018 Qua
282 957 341 998 vos
352 934 393 998 ab
407 936 496 998 omni
509 950 594 997 tutas
607 953 759 1021 praestem
772 937 909 1026 injuria?

198 1042 264 1105 tllae
275 1038 462 1115 credentes,
477 1037 609 1102 uadunt
623 1062 693 1102 sese
706 1040 827 1119 Milu03
1204 1074 1224 1111 ,ι

193 1147 272 1230 Qui,
286 1166 423 1231 regnum
435 1142 588 1228 adeptus,
603 1144 702 1229 coepit
714 1145 801 1206 vesci
815 1146 979 1232 singulas,

191 1298 276 1335 tasscnt
290 1302 376 1341 netem,
390 1302 402 1331 e
418 1287 586 1347 permutatione
600 1286 726 1330 verborum
737 1287 808 1330 νέειν-ο
824 1298 846 1330 et
864 1295 956 1333 mutare
968 1287 1091 1335 sollenat.
1104 1315 1134 1325 -
1143 1290 1163 1336 6.
1172 1305 1223 1355 yn

189 1361 280 1405 inerrne.
293 1358 360 1418 Apud
370 1360 514 1417 Anonymum
527 1354 609 1399 Niiant.
620 1353 716 1414 legitur,
726 1370 795 1417 ymas
807 1357 933 1410 incertum,
946 1357 1013 1402 uode
1024 1359 1133 1405 oomni}
1144 1362 1223 1405 Im

188 1433 306 1476 inermum.
317 1428 361 1474 Sed
370 1429 415 1473 vid.
425 1430 563 1479 Burmauu.;
573 1422 600 1471 ri
610 1430 731 1480 incertum,
737 1426 855 1486 judicante
867 1427 956 1473 eodem
964 1432 1017 1474 viro
1028 1430 1118 1487 docto,
1126 1444 1222 1494 puncta·

187 1502 278 1565 plicari,
296 1503 403 1547 incertum
421 1497 514 1552 solutu,
532 1511 555 1543 et
569 1497 624 1559 quid
637 1509 713 1558 ageret
727 1497 836 1552 dubium,
851 1511 877 1543 ut
894 1499 984 1546 deinde
998 1514 1081 1548 tutum
1096 1517 1119 1549 et
1130 1518 1221 1558 sem,

187 1590 234 1619 non
247 1572 368 1619 sollicitam
380 1587 454 1616 avum
464 1570 584 1615 ducerent.
596 1568 662 1614 Orid.
676 1571 721 1623 III,
730 1572 770 1614 Tr.
782 1571 826 1624 III,
839 1571 868 1627 4.
880 1574 1032 1637 incertusque
1044 1591 1103 1621 mcoe
1112 1575 1222 1638 pamnia-

187 1648 215 1689 tis
227 1660 297 1689 eram.
309 1642 353 1687 Nil.
366 1655 442 1688 umen
456 1639 591 1685 mutandum
603 1652 689 1685 censet.
702 1666 732 1675 -
742 1640 765 1686 8.
778 1642 812 1686 Sic
824 1641 886 1687 edidi
900 1659 914 1686 e
928 1644 996 1690 ωδ.
1009 1644 1075 1691 Pitb.
1086 1648 1140 1692 Item
1151 1644 1219 1691 affl

186 1720 237 1762 I'et.
252 1731 321 1778 quam
332 1715 466 1767 lectionem,
478 1728 530 1774 qut
545 1728 598 1758 sana
614 1724 660 1765 cat,
674 1712 766 1774 plurimi
779 1726 840 1760 recte
856 1717 932 1761 secuti
947 1729 1013 1763 sant.
1030 1719 1066 1763 Ita
1082 1718 1156 1764 Nevel.
1165 1720 1218 1762 [rm.

183 1786 270 1833 ScIrcII.
286 1788 370 1831 Funcc.
387 1800 399 1829 e
414 1783 581 1831 recentioribus
595 1782 687 1828 Iailem.
702 1786 763 1831 Brot.
780 1787 870 1846 bipont.
887 1786 1025 1833 Desbdion.
1043 1789 1124 1837 DIdot.
1135 1791 1219 1835 tun

184 1876 240 1913 nus,
255 1861 305 1915 cai,
320 1874 349 1903 ue
363 1858 438 1903 littera
452 1872 474 1900 m
487 1868 650 1911 concurreret,
666 1859 841 1918 transpositIone
856 1874 919 1920 opus
938 1874 991 1905 csse
1010 1859 1148 1916 videbatur,
1162 1860 1217 1905 teu:

182 1945 250 1993 qaam
263 1929 443 1973 menesatem
455 1925 629 1988 reqrmfoederc.
642 1925 686 1970 Sed
700 1939 722 1972 ct
736 1929 769 1972 cic
783 1927 856 1973 littera
872 1944 893 1971 m
907 1931 1044 1976 concon-it,
1059 1932 1167 1977 Ρηιςη.
1175 1931 1219 1975 αϊ)

182 2016 264 2047 eorum
280 2013 326 2054 eu,
343 1998 467 2044 emendate
480 2009 580 2051 textam,
594 2014 641 2043 non
657 2011 783 2044 auctorem.
800 2000 826 2044 In
841 1998 901 2045 Cod.
920 1999 1009 2046 Pitboei
1025 2003 1154 2048 recentiore
1167 2015 1218 2047 nu

182 2070 267 2116 frustra
284 2069 430 2116 emendatum
443 2080 504 2123 erat,
517 2070 597 2129 juncto
606 2067 708 2130 fudere,
719 2067 766 2114 vid.
783 2070 846 2113 brot.

185 2186 318 2234 «Porsena
337 2185 422 2252 primo
438 2196 535 2234 conatu
549 2182 681 2252 repulsus,
721 2183 850 2235 columbis
864 2195 963 2235 contra
981 2204 1097 2256 rapaces
1113 2202 1172 2236 ares.
1186 2182 1215 2232 bt

181 2262 296 2315 consiliis
315 2261 348 2312 ab
367 2260 545 2333 oppugnanda
563 2260 628 2312 urbe
649 2260 683 2313 ad
723 2260 1024 2314 armIsverohocsensu
1032 2260 1211 2335 egimusathi

183 2342 354 2394 obsidendam
364 2343 476 2400 versiam
492 2353 520 2390 ut
534 2353 636 2391 taccam
649 2338 682 2389 dc
721 2342 741 2390 F
742 2340 806 2392 iaco.
818 2342 877 2405 vn,
895 2340 958 2411 597.
972 2344 1015 2394 Ita
1031 2343 1096 2395 Piin.
1109 2343 1150 2394 Iib.
1159 2341 1212 2401 uu,

181 2423 296 2492 reliquis.
307 2420 456 2472 Scheffcrus
468 2418 536 2470 adh.
548 2418 565 2469 I.
581 2417 679 2482 Vertit,
722 2421 771 2472 32:
785 2445 796 2467 ι
807 2422 899 2473 Cervos
911 2422 1019 2475 amissis
1033 2423 1152 2475 cornibus
1161 2425 1215 2473 incr·

181 2503 339 2572 inquit‚non
348 2513 384 2550 est
394 2499 535 2557 mutausie
543 2500 612 2547 enim
620 2500 681 2548 scri·
721 2514 776 2551 mes
795 2510 876 2551 vocat.
890 2523 901 2545 ιι
926 2502 1022 2553 Burm.
1044 2501 1099 2553 Vid.
1119 2499 1215 2553 Gnaei

181 2578 295 2629 bendum
314 2579 403 2629 fuisset
418 2578 443 2626 in
456 2575 615 2646 fallaciam,-
636 2576 679 2626 sed

181 2678 214 2711 eo
224 2659 363 2719 convertit,
376 2655 500 2706 intendit:
517 2675 595 2726 quam
607 2656 680 2707 diffe-

181 2738 289 2789 rentiam
312 2734 387 2786 vaide
411 2734 499 2785 laudat
522 2738 605 2785 Burin.
629 2736 679 2787 Sed

182 2835 261 2887 quum
271 2815 323 2865 Iiv.
332 2813 375 2864 lib.
387 2815 468 2878 XXV,
480 2815 520 2879 16,
528 2814 611 2865 dicat:
623 2830 679 2866 nto·

182 2911 209 2947 to
224 2898 311 2947 auimo
325 2915 339 2945 a
354 2893 477 2965 patIendo
493 2895 678 2964 exspectando-

182 2997 232 3049 que
245 2989 337 3027 eventu
352 2976 378 3025 in
391 2976 516 3044 Impetum
527 2987 604 3044 atque
614 2977 678 3027 iram

181 3075 291 3116 versum
313 3069 339 3106 et
356 3053 400 3103 Iib.
419 3054 477 3117 XL,
496 3052 525 3117 ⁵,
547 3067 638 3104 ntotua
653 3057 679 3105 in

182 3141 273 3189 Persea
297 3153 408 3186 versus:
427 3157 437 3178 ι
465 3132 549 3198 vides,
572 3133 679 3184 verbum

183 3231 275 3270 vertere
281 3253 289 3277 ‚
298 3215 399 3285 quotIes
408 3212 475 3262 idem
483 3225 534 3271 est,
544 3210 614 3282 quod
622 3230 679 3262 eon-

182 3311 289 3360 vertenr‚
304 3313 350 3345 seu
361 3291 508 3355 intendere,
524 3292 600 3342 etiam
613 3310 678 3341 con·

182 3378 245 3428 strui
259 3373 341 3425 solere
359 3391 419 3423 cum
439 3372 622 3442 praepositione
640 3371 676 3420 in.

180 3455 305 3507 Usitatius
315 3466 401 3503 tamen
412 3449 464 3502 boe
473 3469 550 3502 sensu
560 3464 611 3514 est,
622 3468 679 3500 eon·

179 3544 281 3588 vertetu.
293 3532 386 3582 Justm.
398 3528 441 3580 lib.
453 3531 545 3589 xxw,
558 3530 589 3580 6:
602 3553 613 3575 ι
624 3531 679 3579 ani-

179 3632 250 3666 mum
260 3611 293 3662 nd
303 3611 410 3661 deorum
421 3607 603 3660 immortalium
612 3621 678 3659 tem-

178 3692 223 3767 pla
246 3691 404 3742 convertita
427 3685 464 3736 ld.
484 3685 528 3735 lib.
550 3688 622 3749 xxi,
649 3705 675 3738 ιε

181 3786 264 3823 stunc
280 3768 312 3821 ad
327 3766 483 3818 destinatum
498 3765 597 3815 facinus
613 3785 677 3816 con·

177 3867 296 3903 versus.»
322 3847 353 3894 V.
375 3847 512 3895 Burmann.
532 3861 633 3894 versum
650 3845 674 3896 5.

178 3934 243 3985 Just.
254 3926 299 3978 iib.
307 3925 449 3987 XXXVIII,
463 3939 486 3982 1,
495 3923 529 3971 ita
537 3926 658 3992 expressit
668 3947 674 3975 :

180 4004 307 4060 sconsiiia
321 4002 353 4053 ad
365 4000 470 4053 insidias
479 4003 607 4052 transfert.
621 4026 631 4047 »

211 4088 236 4140 6.
249 4101 329 4160 qenins
344 4083 447 4131 inerme.
462 4079 602 4132 Columbas
615 4081 674 4151 pul-

175 4169 237 4222 chre
249 4167 284 4218 sic
297 4160 418 4234 appellat⁴
433 4161 463 4211 V.
478 4160 510 4211 ad
521 4160 573 4211 fal..
585 4161 672 4227 XXX,

175 4265 201 4316 ς,
212 4249 316 4300 inerme.
327 4242 403 4312 Apte.
414 4242 491 4291 Arma
501 4243 568 4292 euim
577 4240 671 4293 desunt

719 2579 782 2631 Oba.
797 2578 830 2629 ad
842 2577 945 2630 Pha-dr.
960 2600 992 2652 p.
1009 2599 1049 2633 πο.

755 2676 779 2727 7.
792 2659 881 2724 Quare
894 2661 981 2711 vitam
993 2662 1062 2731 agitis
1071 2657 1216 2708 soIIieitam?

719 2739 780 2786 Hor.
789 2735 833 2787 lib.
844 2738 868 2800 1,
879 2739 929 2808 Ep.
942 2736 1076 2806 xvmffl:
1089 2760 1099 2780 ι
1108 2754 1215 2806 percon·

719 2814 807 2866 tabere
820 2814 931 2881 doctos,
945 2819 1012 2885 Qua
1027 2818 1121 2867 ratione
1138 2833 1213 2888 queas

720 2893 851 2944 traducere
860 2891 960 2946 leniter
973 2916 1064 2949 oeuum.
1075 2918 1085 2939 ·

755 2974 779 3023 8.
792 2972 842 3023 icto
845 2971 957 3042 foedere.
968 2972 1213 3037 {emmerammo

719 3064 816 3103 veteres
827 3050 962 3119 duxerunt,
975 3075 1037 3126 pro,
1047 3056 1139 3106 facere.
1149 3054 1210 3104 IIao'c

719 3131 779 3182 iude
789 3145 856 3196 orta,
868 3133 941 3202 qtrod
953 3137 1026 3186 inter
1032 3148 1130 3187 ceteras
1137 3137 1214 3184 ineun-

719 3209 745 3260 di
757 3211 861 3263 foderis
876 3215 1044 3268 carimonias
1058 3220 1134 3269 etiam
1146 3231 1210 3287 pote!

719 3289 767 3341 diis
782 3290 939 3343 cedebatur.
961 3296 1017 3346 Liv.
1037 3294 1084 3346 lib.
1102 3298 1125 3357 t,
1140 3314 1159 3345 c.
1176 3291 1207 3356 ri

719 3370 788 3440 Vir-[3.
798 3372 855 3421 AEn.
865 3374 938 3437 VIII,
950 3374 1017 3440 641.
1028 3376 1071 3426 Cf.
1083 3375 1207 3447 liispontit

754 3467 778 3518 9.
796 3452 871 3501 omui
887 3451 999 3524 injuria.
1016 3455 1080 3506 vid.
1097 3455 1129 3508 ad
1141 3452 1207 3512 libi,

718 3528 771 3580 fab.
784 3530 821 3593 11,
835 3547 876 3580 at.

756 3625 795 3661 ιο.
809 3610 945 3662 credentes.
962 3608 1207 3682 Absoturehicpne

717 3701 772 3738 tum
780 3725 788 3752 ‚
797 3708 859 3758 pro,
873 3689 1001 3759 credule,
1017 3707 1049 3744 ut
1058 3693 1105 3744 lib.
1115 3694 1157 3753 111,
1165 3687 1204 3740 tata

717 3768 753 3831 X,
778 3769 978 3838 :periculosum
998 3786 1055 3837 est,
1077 3771 1204 3824 caedem(

716 3866 770 3897 non
784 3846 921 3899 credere·
939 3851 1035 3901 Burm.
1049 3892 1054 3905 .

755 3943 794 3978 ιι.
811 3928 889 3997 coepit
907 3931 982 3981 uesci.
1005 3929 1067 3981 Vid.
1089 3929 1123 3982 ad
1138 3927 1175 3979 iib-
1185 3926 1201 3977 I·

715 4004 768 4056 tab.
784 4007 820 4069 n,
835 4007 860 4058 8.
878 4006 998 4059 Verbum
1016 4010 1086 4061 uesci
1103 4026 1157 4060 cum
1171 4020 1202 4054 tr

714 4087 830 4137 casauro
846 4085 916 4156 apud
935 4087 1072 4158 quosdam
1087 4087 1199 4159 reperim·

713 4164 777 4215 Plin.
795 4163 839 4214 lib.
855 4165 893 4227 X,
911 4164 963 4218 38:
986 4190 998 4213 ι
1008 4170 1081 4219 Aves
1093 4161 1200 4219 nunnaib
1256 4222 1258 4227 Ι

712 4256 852 4295 vescuntur
870 4262 916 4308 ea,
938 4262 999 4316 qum
1015 4265 1130 4318 rapuere
1144 4238 1200 4315 μ’
