2820 5018
523 471 616 534 LlB.
642 472 672 548 1,
696 471 792 534 ΕΑΒ.
815 472 878 534 Xl.

179 613 338 701 Novoque
351 613 459 676 turbat
470 612 590 677 bestias
602 614 769 677 miraculo.

174 720 259 800 Quae
271 717 350 782 dum
363 735 519 806 paventes
532 720 636 783 exitus
649 735 745 784 notos
757 736 888 807 petunt,

179 825 298 889 Leonis
310 826 501 913 affliguntur
512 826 681 891 horrendo
694 828 829 914 impetu.

177 930 241 1010 Qui
255 946 427 1018 postquam
441 931 530 996 eaede
543 932 647 995 fessus
660 948 723 1009 est,
737 933 872 994 Asinum
886 948 1013 1009 evocat,

175 1033 196 1095 J
200 1033 344 1122 ubetque
357 1058 472 1100 vocem
485 1059 646 1124 premere.
659 1039 754 1101 Tunc
766 1037 821 1100 ille
834 1037 997 1099 insolens:
1081 1096 1084 1101 .

179 1183 293 1229 Meni-tint
310 1188 427 1248 sequitur,
444 1186 565 1232 clamorem
578 1187 668 1243 suhito;
682 1186 740 1232 cod.
757 1188 805 1231 MS.
823 1185 882 1232 Pith.
897 1185 1016 1233 clamorem
1030 1196 1052 1233 et
1069 1187 1154 1244 subito,
1168 1189 1223 1250 quin

176 1269 325 1314 praetentent
345 1257 475 1309 numidam
493 1258 551 1304 Cod.
573 1261 631 1304 Dan.
651 1256 771 1304 cltmorem
792 1258 889 1304 subitum
909 1263 960 1303 totis
978 1257 1034 1304 tollit
1054 1259 1145 1305 viribus.
1166 1263 1224 1308 lliuc

175 1325 300 1374 ediderunt
311 1331 381 1374 varie.
397 1329 500 1375 Nerelet.
516 1329 595 1391 Rigalt.
610 1347 635 1385 ι,
646 1329 735 1376 Walch.
749 1332 824 1375 [lirin.
837 1328 934 1375 clermore
945 1330 1019 1376 subito
1024 1348 1032 1383 ;
1045 1332 1131 1385 Faber,
1145 1334 1224 1395 lloog·

176 1404 239 1439 errat.
252 1392 373 1442 clamorem
384 1398 495 1454 subitum,
509 1399 572 1461 qnod
584 1400 684 1461 probant
695 1399 807 1445 scheller.
822 1403 861 1462 qui
874 1412 940 1445 nntea
952 1399 996 1461 legi
1006 1400 1104 1461 jubebat
1115 1400 1223 1448 elrrmoret

175 1464 263 1520 solvito,
272 1478 295 1511 et
306 1468 340 1513 Cl.
351 1468 466 1516 Selriruch.
480 1472 504 1515 in
515 1470 578 1516 Clnv.
591 1472 616 1515 P.
630 1472 653 1526 1,
665 1487 689 1532 p.
702 1472 744 1525 30,
758 1473 846 1532 recepit
856 1472 924 1516 etiam
936 1470 1012 1517 llidot.
1026 1474 1103 1517 Heme.
1116 1471 1223 1518 clamores

175 1535 269 1582 subitos.
284 1539 329 1583 Sed
343 1554 405 1586 reete
419 1541 505 1603 placuit
518 1541 586 1588 lectio
601 1543 659 1587 Cod.
675 1545 740 1587 llem.
755 1545 791 1587 stc
805 1542 843 1587 lib.
860 1544 900 1599 ΙΙ,
915 1543 962 1588 tab.
977 1544 1005 1598 V,
1022 1560 1063 1604 99,
1077 1543 1118 1589 lib.
1133 1546 1159 1600 l,
1174 1545 1221 1591 leh.

177 1610 231 1664 ΧΙΙ,
244 1625 272 1671 7;
285 1611 332 1656 snb.
346 1614 394 1666 XV,
410 1616 434 1668 5;
448 1614 486 1659 lib.
500 1615 534 1667 ΙΙ,
548 1615 595 1659 fab.
607 1616 663 1669 Vll,
677 1632 698 1676 7.
711 1639 743 1650 ·-
758 1629 792 1659 ro.
805 1614 945 1679 affliquntur.
960 1614 1019 1660 olim
1032 1615 1152 1676 legebatur
1165 1618 1222 1680 affi-

175 1682 274 1736 ciuntur,
289 1684 353 1744 quod
366 1699 399 1730 eet
411 1688 434 1730 in
446 1687 509 1731 MSS.
524 1686 582 1732 Pith.
597 1698 621 1732 et
633 1688 697 1731 Rem.
711 1685 771 1731 Edit.
785 1686 864 1747 lligalt.
876 1701 897 1732 a.
910 1686 1015 1732 Nevelet.
1029 1688 1103 1732 Urein.
1116 1690 1152 1733 Sic
1163 1704 1223 1749 quo-

175 1764 222 1811 que
234 1750 311 1798 Barth.
323 1753 380 1798 Adr.
392 1755 437 1809 ΙΙΙ,
451 1771 501 1816 cap.
516 1771 556 1815 19,
568 1758 607 1818 qui
620 1755 705 1801 frustra
716 1756 813 1816 adficere
824 1755 935 1816 explieat,
948 1771 1039 1802 vexare.
1053 1758 1110 1801 Nam
1120 1757 1224 1820 effliqun·

176 1829 215 1864 tur
223 1818 294 1867 habet
304 1823 362 1870 cod.
378 1828 436 1871 llan.
449 1842 520 1888 quem
531 1826 654 1873 lectionem
665 1829 787 1887 genuinam
797 1840 877 1873 omnes
888 1827 938 1872 lere
948 1829 1025 1873 Critiei
1034 1830 1107 1873 secuti
1119 1840 1180 1872 runt.
1192 1853 1224 1864 -

178 1906 215 1936 tr.
232 1891 283 1949 Qui.
297 1895 410 1952 Pithoeus,
426 1900 464 1943 eui
477 1912 500 1944 et
512 1900 609 1945 Brotier.
622 1900 772 1962 obsequitur,
786 1897 830 1945 lte.
843 1904 916 1962 Atque
929 1902 996 1944 etiam
1009 1900 1115 1944 lleiueiue
1126 1897 1172 1952 tic,
1187 1899 1223 1943 vel

176 1960 227 2007 linc
233 1996 240 2017 ,
253 1964 288 2010 vel
298 1966 329 2011 ili
338 1969 439 2027 conjicit.
452 1970 497 2016 Sed
507 1971 588 2017 melius
598 1973 621 2017 in
629 1972 692 2017 MSS.
701 1970 759 2017 Pitln
768 1983 791 2016 et
799 1973 864 2016 lleui.
871 1970 968 2032 legitur,
978 1973 1024 2034 qui.
1032 1979 1111 2015 -est
1122 1972 1191 2015 veen
1200 1972 1223 2015 in

175 2032 240 2077 MSS.
256 2034 314 2080 Pitlr.
331 2050 354 2082 et
369 2039 433 2084 llem.
449 2041 530 2101 ltaque
546 2040 636 2086 Gudiut
652 2058 674 2086 m
690 2043 713 2085 iu
728 2043 818 2085 asinum
832 2056 879 2086 non
894 2053 959 2102 putat
973 2054 1023 2085 etse
1037 2037 1182 2093 elidendum,
1199 2050 1225 2084 ut

174 2117 265 2151 conaret
278 2123 369 2163 versun
382 2110 473 2172 tellegi
485 2128 552 2173 posse
562 2113 678 2175 dfessus,
691 2112 799 2175 absorpta
813 2111 898 2176 syllaba
909 2114 938 2157 de
949 2130 963 2158 n
973 2113 1046 2166 coele,
1058 2111 1121 2173 quod
1134 2126 1222 2172 praeee-

173 2173 216 2219 dit.
231 2176 391 2239 lloogstratan.
404 2181 506 2227 Gudium
519 2196 624 2240 secutus,
637 2183 699 2229 delet
711 2192 752 2228 est.
764 2208 797 2218 —
808 2198 843 2229 ta.
855 2183 944 2229 Gudius
953 2197 959 2227 ε
967 2181 1077 2244 jubetque
1088 2196 1163 2225 uticem
1173 2195 1225 2242 pre-

175 2260 249 2292 mere:
260 2264 286 2292 ee
297 2266 322 2293 re
333 2249 371 2296 ille
381 2251 486 2299 insolens.
501 2253 626 2300 Contendit
639 2256 714 2310 enim,
726 2256 750 2299 in
762 2254 820 2300 (lod.
834 2270 881 2317 quo
891 2270 947 2300 usui
957 2256 997 2307 eit.
1009 2255 1025 2299 i.
1038 2269 1059 2298 e.
1073 2251 1131 2297 l‘itli.
1142 2251 1223 2296 deense

176 2323 243 2371 tune,
256 2334 270 2363 ι
284 2320 372 2367 Pithoeo
386 2327 452 2370 nimie
464 2324 575 2371 audacter
586 2328 746 2387 excogitatum.
762 2326 840 2372 Multis
851 2338 928 2372 eutem
940 2326 1040 2387 disputat
1054 2323 1083 2369 de
1097 2339 1141 2369 utu
1152 2339 1223 2368 vocu-

176 2384 252 2431 lmm
261 2404 288 2434 ω
299 2407 336 2446 re,
349 2408 393 2454 pro
402 2395 470 2449 ideo,
483 2411 510 2439 ea
520 2395 549 2442 de
560 2411 648 2442 causta.
659 2395 752 2441 Plurimi
761 2408 838 2442 tamen
849 2398 1025 2449 teneretinen13
1037 2393 1078 2439 ted
1090 2392 1223 2455 Coninglia·

176 2507 210 2559 G·
224 2511 248 2575 ¹2
265 2512 323 2565 308.
341 2514 430 2569 Solent
447 2519 514 2569 enim
526 2533 609 2589 poetae
622 2521 680 2570 aui·
719 2539 767 2590 per
781 2522 905 2591 componi
919 2518 1019 2586 solent,
1029 2521 1089 2571 ferar
1101 2518 1169 2570 elabi
1181 2537 1223 2569 eo·

177 2587 257 2642 malta
277 2592 310 2644 ab
329 2614 359 2645 ea
381 2600 498 2667 eorporis
517 2612 604 2668 parte,
627 2617 679 2670 qua
719 2598 780 2651 lent.
790 2599 848 2650 Vid.
866 2601 981 2652 Gronov.
997 2598 1031 2650 ad
1043 2600 1097 2649 Liv.
1113 2595 1157 2648 lib.
1174 2598 1222 2661 tx,

176 2671 495 2743 maximeeognosountur,
501 2677 678 2729 denominare.
723 2677 762 2728 15.
773 2678 841 2730 Edit.
853 2681 932 2749 prior.
942 2702 953 2724 n

175 2748 219 2799 Sit·
231 2751 349 2804 tartarus
360 2774 408 2824 pro
422 2755 495 2808 hirco
509 2755 554 2807 lib.
566 2759 610 2822 tv,
624 2756 677 2809 fab.
759 2774 797 2808 ιο.
808 2757 979 2832 effligyuntur,
992 2755 1135 2807 alliduntur
1141 2766 1222 2805 terra.

175 2827 226 2894 lx,
245 2848 283 2882 ¹⁰·
719 2835 760 2884 Cf.
772 2836 887 2885 Gronov.
900 2834 963 2885 Obs.
977 2835 1021 2897 lv,
1032 2852 1056 2882 c.
1070 2836 1100 2895 8,
1115 2831 1160 2881 ubi
1175 2844 1226 2882 trt-

215 2910 239 2959 8.
260 2909 352 2959 turbat.
371 2911 473 2961 Fortius
491 2925 528 2961 est
545 2921 583 2976 et,
599 2923 629 2962 ut
645 2915 681 2962 ait
720 2911 758 2963 dit
770 2913 945 2964 differentiam
957 2914 1025 2963 inter
1037 2909 1125 2980 affici,
1136 2909 1225 2981 affliqi

175 2983 218 3036 Cl.
241 2985 401 3050 Tzrclruele,
417 2988 450 3037 atl
468 2990 557 3057 fugam
576 3008 681 3039 accom-
721 3001 747 3039 et
760 2989 850 3061 affini,
866 3008 922 3058 quae
934 2989 1044 3038 confusa
1057 2988 1083 3035 in
1095 2986 1225 3037 veteribus

175 3064 325 3129 modatius,
344 3085 424 3136 quam
445 3079 528 3117 terret.
547 3096 582 3106 —
602 3068 682 3117 miru-
721 3064 792 3116 libri-t
807 3065 943 3133 ambiguae
959 3081 1150 3133 nonnunquam
1164 3062 1225 3112 red-

175 3146 248 3199 eulo.
262 3144 400 3215 Eleganter
413 3165 461 3216 pro
478 3164 555 3210 voce,
570 3144 681 3197 antehae
721 3144 787 3195 «lunt
804 3144 938 3196 lectiones.
960 3143 1019 3194 vid.
1039 3144 1069 3191 V.
1092 3145 1120 3192 L.
1143 3143 1225 3193 Versu

174 3230 204 3279 in
217 3224 286 3277 silvis
298 3242 441 3295 numquam
454 3223 551 3275 audita.
564 3222 634 3275 Male
645 3243 682 3275 re·
722 3243 766 3293 7...
783 3241 827 3289 ιο,
839 3222 923 3274 vivide
935 3235 1039 3273 narrata
1054 3235 1115 3273 aunt
1127 3224 1224 3274 onmia.

175 3308 228 3357 fert
240 3303 333 3375 Rigalt.
351 3303 383 3353 atl
397 3317 514 3372 tegmen,
529 3321 581 3373 quo
594 3303 681 3353 asinus
760 3320 801 3353 rr,
812 3311 903 3354 evocat
914 3321 928 3352 e
940 3302 1072 3351 fruticeto.
1086 3300 1145 3352 vid.
1158 3300 1190 3351 ad
1200 3320 1225 3352 v.

178 3383 278 3435 velatus
291 3385 376 3434 fuerit.
389 3381 438 3433 Sed
453 3401 476 3431 v.
490 3380 522 3431 ad
537 3382 568 3445 V,
583 3381 608 3446 4.
722 3386 746 3444 4.
761 3408 797 3421 -
814 3380 978 3453 [Deuoenre,
995 3392 1025 3429 ut
1040 3383 1063 3443 l,
1076 3396 1140 3445 m,
1157 3397 1185 3440 η
1200 3391 1226 3430 et

215 3481 240 3531 9.
249 3463 330 3513 exitus
338 3474 422 3525 notos,
432 3460 553 3513 adsuetas
561 3458 681 3511 elabendi
721 3462 768 3525 ΙΙΙ,
787 3478 812 3524 v,
835 3477 861 3523 1,
883 3471 921 3511 eet
939 3456 1047 3528 gallice,
1068 3457 1173 3530 appeler
1195 3458 1226 3508 de

177 3544 241 3593 vias.
254 3543 322 3594 Bene
335 3543 513 3592 Burmannus:
529 3537 622 3591 «Nihil
632 3540 682 3590 fre·
722 3539 837 3591 hauteu
857 3539 899 3590 bns
917 3536 1100 3608 (voearede):
1123 3555 1227 3588 evocare

177 3624 300 3693 quentiue
309 3620 379 3692 apud
388 3633 480 3691 poetas
488 3632 513 3670 et
521 3619 594 3684 alios,
602 3636 681 3689 quam
720 3638 796 3683 vero,
816 3617 924 3690 appeler
937 3616 1044 3667 deltors:
1059 3614 1130 3686 quod
1148 3614 1226 3685 plene

177 3720 220 3752 res
238 3712 309 3753 notas
327 3719 434 3763 vocare,
454 3699 548 3772 quibus
565 3698 681 3769 quotidie
721 3699 841 3768 exprimit
851 3698 911 3747 Ter.
924 3694 1097 3767 evocatferas.
1108 3694 1174 3744 Vide
1184 3694 1226 3744 de-

178 3782 289 3843 udmnr,
299 3800 364 3852 quas
374 3780 504 3844 ridemus,
514 3778 633 3830 andimus
644 3796 681 3829 ae·
720 3779 808 3850 spicit,
823 3779 858 3841 ΙΙ,
873 3795 899 3839 v,
916 3794 955 3828 to.
971 3772 1020 3847 G.]

177 3860 262 3911 sidue.
275 3884 285 3905 υ
296 3863 363 3911 lnfra
371 3859 415 3911 lib.
424 3859 522 3924 tt,fab.
532 3860 563 3923 V,
576 3876 615 3927 17,
625 3859 681 3909 noti
726 3852 728 3857 ¹
759 3876 799 3908 ια.
814 3859 891 3908 Iubet
904 3877 953 3928 pro
968 3855 1124 3907 auctoritate
1139 3872 1187 3904 sun
1201 3865 1227 3904 et

168 3940 269 4016 flexus.
289 3940 351 3989 llor.
367 3943 390 3999 Ι,
404 3939 454 3989 Od.
471 3957 503 4001 ιι,
524 3952 608 3989 auom
622 3956 679 4008 quae
720 3939 828 4009 imperio
835 3960 842 3999 ;
862 3951 901 3988 est
918 3939 986 3988 onitu
1003 3954 1047 3986 rex
1064 3931 1224 3983 animalium.

178 4016 256 4069 sedes
271 4015 354 4067 luerat
368 4016 525 4068 columbina
543 4020 680 4068 —Exitus
719 4048 755 4059 -
776 4034 862 4068 uocem
883 4034 1013 4089 premere,
1040 4013 1226 4081 comprimere,

180 4109 271 4147 nutem
287 4095 416 4165 eleganter
434 4110 560 4148 vocantur
579 4098 682 4165 ³¹¹ll¹¹⁸¹i
721 4099 739 4147 i.
752 4116 773 4148 e.
787 4108 888 4157 tacere,
904 4107 933 4144 ut
945 4095 1014 4162 Virg.
1029 4091 1086 4140 AEn.
1098 4089 1147 4149 tx,
1160 4087 1228 4153 324,

181 4172 408 4237 tramiteeetloea,
416 4196 463 4247 per
469 4195 525 4247 quae
537 4188 563 4226 et
573 4179 600 4227 in
611 4174 681 4227 bello
722 4173 910 4238 deMnestheo,
922 4175 977 4223 «sic
987 4178 1114 4221 memorat
1121 4184 1226 4217 vocent-

181 4250 277 4306 militet
288 4265 313 4304 et
324 4254 350 4304 in
359 4266 468 4318 venatu,
479 4272 541 4306 nem
551 4252 605 4305 hec
615 4272 682 4306 sem·
723 4271 774 4324 qne
787 4253 888 4323 premit.
900 4274 911 4297 ι
926 4249 984 4301 vid.
998 4246 1125 4301 scheller.
1138 4311 1141 4317 ι
