2820 5018
176 423 1217 459 mmmwvwwummwmwummmmxmauusmvumw.

678 628 713 716 l.

553 901 841 1018 INDEX

263 1184 540 1264 CODICUM
568 1182 1131 1267 MANUSCRIPTORUM

494 1448 899 1585 PHAEDRI.

631 1784 771 1797 μ

189 1956 308 2044 Ounno
322 1976 444 2040 Phaedri
463 1976 580 2037 codices
596 1975 822 2055 manuscriptos
838 1978 984 2057 temporis
999 1976 1112 2058 injuria
1130 1962 1222 2043 nobis

187 2068 273 2130 fuisse
291 2079 429 2148 ereptos,
449 2079 493 2124 est
510 2063 660 2123 sententia
679 2062 841 2142 Lessingii‚
856 2063 893 2122 V.
906 2063 940 2122 C.
956 2064 988 2123 in
1002 2066 1122 2127 erudito
1141 2070 1222 2130 libro

188 2178 274 2239 quem
294 2152 467 2233 inscripsit:
487 2154 551 2210 Zur
569 2148 735 2210 Gesclticbte
756 2149 817 2210 und
836 2152 990 2210 Litteratur
1010 2153 1060 2232 (r).
1080 2155 1126 2212 lbi
1139 2158 1223 2216 enim

187 2242 248 2307 laec
258 2245 370 2304 litteris
385 2242 566 2322 consignata
585 2253 673 2299 sunt:
689 2240 746 2298 Die
763 2238 951 2320 eipentlicben
961 2242 1161 2324 Manuscn'pte
1176 2245 1224 2305 des

139 2370 168 2383 -·
186 2335 338 2406 Phaidrias,
356 2352 442 2391 wenn
459 2352 488 2390 es
506 2330 592 2390 deren
611 2327 752 2410 qeqeben,
773 2327 867 2387 baben
881 2327 955 2403 sict,
978 2332 1032 2388 wie
1051 2351 1080 2390 es
1097 2331 1224 2408 scheint,

184 2420 320 2503 qdnzliclt
336 2441 390 2479 aus
404 2419 454 2478 der
467 2417 546 2479 Welt
562 2417 701 2478 verlorcn.
724 2419 813 2477 Denn
826 2439 912 2477 wenn
928 2420 969 2485 sie
987 2417 1060 2478 noelt
1081 2421 1226 2502 irpeadwo

184 2509 356 2574 verbanden
370 2511 483 2583 tviiaen,
499 2528 529 2567 so
540 2506 658 2567 aminea
673 2509 713 2565 sie
725 2504 785 2567 siclt
798 2505 926 2580 damula,
939 2504 984 2565 als
1002 2505 1095 2569 Christ
1111 2509 1156 2569 ilrr
1165 2513 1227 2570 Da·

182 2621 252 2683 seyn
264 2603 298 2658 in
309 2592 432 2679 Zweifil
444 2617 509 2676 ως,
519 2597 618 2676 qrwiu
627 2592 766 2675 qemeldet
774 2592 878 2654 haben.
889 2593 941 2661 let
955 2616 1057 2675 meyne
1072 2597 1228 2669 instanl-

181 2688 275 2761 reich,
295 2707 341 2745 too
358 2687 398 2745 sie
414 2681 681 2743 watrscteinticter
700 2685 796 2743 Weise
810 2681 921 2743 stechen
940 2688 1080 2759 miisstetu
1101 2687 1163 2746 und
1183 2709 1227 2746 wo

179 2778 290 2839 Christe
318 2776 361 2833 W
361 2770 523 2856 iderapruclt
548 2792 707 2853 penuqsam
734 2769 859 2831 bekannt
884 2772 999 2832 worden
1008 2819 1016 2845 ‚
1045 2774 1143 2833 aalide
1169 2773 1227 2835 siclt

178 2864 271 2927 leiclrt
283 2865 333 2922 ein
352 2859 499 2921 Geleltrter
514 2860 661 2943 qejimden
674 2858 785 2933 haben,
800 2859 891 2919 deret
911 2865 964 2919 mit
979 2863 1027 2920 ein
1043 2863 1125 2921 Paar
1144 2865 1229 2922 Wor-

176 2968 229 3019 ten
248 2955 399 3035 anqeaeiqt
420 2950 511 3025 tetre,
529 2972 573 3009 wo
596 2950 641 3010 die
664 2948 928 3032 auqemcbeinlicbe
953 2949 1158 3033 Widerlepunq
1182 2952 1230 3010 des

175 3041 341 3106 deutschen
360 3040 520 3121 Professors
539 3060 574 3098 zu
584 3037 693 3119 finden
711 3060 768 3120 acy.
787 3040 858 3096 Jam
872 3037 949 3096 olim
970 3035 1173 3116 conjiciebam
1189 3038 1230 3116 (a)

177 3152 286 3195 unum
298 3144 378 3190 certe
392 3127 560 3187 alterumve
570 3126 708 3188 codicem
727 3129 761 3187 in
774 3127 875 3187 Gallia
889 3127 982 3186 fuisse
999 3143 1230 3200 conservatum,

176 3239 213 3282 et
222 3222 353 3282 fortasse
364 3220 397 3277 in
405 3215 593 3278 bibliotheca
603 3216 748 3298 quadam,
758 3216 929 3277 nesciebam
939 3236 1010 3296 qua,
1021 3214 1114 3275 hodie
1125 3236 1232 3277 recon-

179 3312 229 3372 di.
245 3311 354 3387 Quum
369 3309 452 3368 enim
466 3322 552 3367 tanta
563 3309 603 3367 sit
618 3310 899 3388 manuscriptorum
913 3304 1035 3364 Phaedri
1057 3307 1164 3364 raritas
1178 3308 1229 3386 (3),

224 3470 501 3541 (1)l·lrsterlleytrag.
518 3466 693 3535 ll,·llomulus
732 3467 878 3534 respuerint
899 3461 1068 3530 scholastici,
1088 3465 1193 3524 nesci03
1217 3482 1233 3513 a
1261 3501 1266 3511 .

187 3550 247 3602 und
260 3550 390 3601 Rimieius.
404 3549 483 3618 p.78.
638 3557 644 3570 “
733 3544 840 3597 Phaedm
857 3546 1053 3598 absterruerunt
1067 3544 1234 3596 obsceniorea

228 3630 267 3699 (a)
281 3628 341 3678 vid.
358 3627 486 3678 Editionis
502 3624 617 3692 Phaedri,
634 3624 692 3676 llal.
734 3624 837 3689 fabular,
848 3643 960 3696 quarum
968 3621 1094 3674 nonnulla
1104 3621 1184 3673 bodie
1194 3641 1235 3673 su-

195 3725 290 3779 1779...
308 3711 382 3778 1781.
391 3706 459 3759 Voll.
475 3708 522 3774 111,
537 3710 566 3774 8,
579 3724 694 3773 excusse,
734 3717 843 3775 persunt
856 3705 971 3773 vestigia.
985 3704 1041 3753 Nec
1053 3700 1154 3773 placuit
1168 3703 1236 3753 forte

195 3788 250 3838 vol.
261 3791 283 3854 1,
294 3787 362 3839 Prol.
373 3807 400 3859 p.
412 3802 481 3837 xxix.
734 3785 838 3836 semilis
856 3786 952 3854 ingenii
971 3781 1126 3848 scurrilitas,
1145 3784 1171 3833 in
1189 3782 1239 3833 fin·

236 3866 271 3936 (3)
285 3870 307 3918 A
322 3886 384 3919 vero
403 3885 457 3917 nou
475 3863 615 3916 abhorrere
632 3862 696 3915 mihi
735 3860 1237 3932 pendisfabulis,quamlibertinusnon

199 3943 388 4019 videntur,quae
396 3946 635 4013 Cannegieterusin
641 3944 696 3994 Dis·
734 3943 813 4014 plane
825 3946 895 3995 exuit
909 3941 1045 4005 Phaedrum
1057 3941 1175 4013 exempla
1189 3942 1237 3992 cla-

206 4037 261 4072 scrt.
274 4025 305 4077 de
314 4027 399 4077 AEtate
410 4038 435 4076 et
447 4021 514 4096 stylo
525 4021 623 4073 Aviani
633 4039 693 4093 pag.
735 4024 802 4077 bunt
811 4025 866 4077 Lib.
878 4027 904 4092 l,
914 4025 941 4076 F.
953 4024 1053 4090 XXIX,
1065 4039 1090 4076 et
1103 4026 1144 4089 tv,
1157 4024 1235 4073 xvtt.

208 4106 305 4168 ²90‚tle
315 4126 407 4158 caussa
417 4105 617 4175 hujusraritatit
626 4122 704 4154 com·-
736 4107 834 4159 Contra
852 4105 917 4158 nihil
933 4121 972 4158 est
986 4109 1013 4156 in
1027 4107 1118 4157 Ariani
1133 4102 1237 4167 libello,

212 4195 332 4239 memorat.
351 4189 516 4251 wiztanum,
532 4184 631 4256 inquit,
650 4204 697 4238 cur
736 4204 792 4239 non
805 4186 932 4258 probum,
944 4202 999 4237 non
1008 4183 1172 4247 modestum,
1185 4198 1239 4230 non
