2820 5018
351 431 1044 520 conicrnnsua'nuscmrris
1175 454 1215 527 35

175 599 355 679 antiquitatis
365 591 555 678 scriptoie‚'de
567 590 626 652 hoc
636 591 741 652 codice
750 591 947 675 notatalsuut.
958 596 1051 672 Quod
1063 599 1219 683 reliquum

175 700 232 763 est,
241 687 340 745 varias
351 685 497 745 lectiones
506 681 619 741 codicis
630 681 832 763 manuscripti
846 702 914 762 quae
927 682 1081 746 habentur
1092 688 1126 748 in
1137 693 1219 751 notis

177 774 259 834 Gud.
281 787 311 832 et
324 772 470 832 lectiones
489 789 564 850 quas
584 768 706 828 notavit
725 767 885 828 Neveletus
906 769 945 829 ad
965 775 1138 853 marginem
1160 777 1221 836 edi·

176 861 272 922 tionis
283 858 424 932 Phaedri,
437 879 454 917 e
466 855 571 915 codice
582 853 663 915 Pith.
678 867 799 915 notatas
813 875 876 916 esse
887 870 1040 938 putamus.

479 1048 507 1086 2.
529 1024 683 1086 CODEX
702 1024 935 1087 REMENSIS.

217 1181 922 1274 cimeliumquondambibliothecaehamensis.
930 1183 999 1260 Qua
1007 1185 1132 1245 ineunte
1139 1207 1224 1247 anno

179 1294 392 1337 croroccnxxrv
413 1273 557 1334 incendio
577 1272 692 1346 deleta,
712 1273 776 1355 ipse
788 1272 883 1333 codex
895 1274 985 1355 periit
1003 1274 1052 1352 (1).
1072 1275 1166 1351 Quod
1185 1275 1224 1335 ad

181 1365 277 1448 ipsias
295 1376 417 1424 aetatem
435 1364 581 1445 pertinet,
601 1363 707 1421 statuit
720 1361 924 1422 Desbillonius
938 1362 1007 1422 loco
1023 1364 1116 1424 citato
1135 1366 1225 1426 annis

181 1456 252 1538 plus
272 1474 368 1533 quam
382 1449 559 1534 quingentis
578 1450 670 1511 fuisse
684 1465 773 1511 aetate
792 1452 905 1511 Perotti
920 1453 1118 1534 superiorem.
1138 1456 1226 1537 Legit

181 1544 265 1603 enim
276 1555 307 1602 et
318 1543 507 1602 examinavit
520 1562 645 1601 uname
661 1538 783 1600 Phoedri
800 1541 920 1602 fabellis
937 1543 1106 1624 integram,
1122 1546 1161 1604 ad
1174 1547 1227 1604 lle-

183 1652 287 1693 mense
314 1629 391 1691 illud
419 1631 575 1713 exemplar
606 1630 725 1712 scalpro
757 1645 846 1690 acuto
878 1630 1009 1692 fideliter
1038 1654 1228 1715 expressam,

183 1740 251 1802 quaa
267 1719 392 1778 Parisiis
401 1720 434 1777 in
446 1717 528 1799 regia
542 1717 701 1799 quondam
714 1717 901 1778 bibliotheca
917 1720 1101 1781 adservatur.
1118 1721 1231 1781 Multas

184 1809 312 1891 optimae
325 1819 408 1867 notae
429 1806 575 1866 lectiones
589 1806 686 1866 codex
703 1803 813 1880 habet,
829 1808 867 1865 ab
883 1805 993 1866 barum
1013 1828 1114 1867 rerum
1127 1808 1232 1889 peritis

186 1917 305 1977 magno
318 1916 390 1956 cum
404 1894 515 1976 plausu
526 1908 674 1976 receptas,
687 1893 850 1952 Pitboeano
862 1897 1030 1974 peremnia
1044 1915 1141 1976 prope
1152 1896 1233 1954 simi·

185 1984 233 2061 lis,
246 1984 354 2065 aliqua
366 1999 470 2043 tamen
485 1983 660 2043 diversitate
678 1981 945 2041 commendandus
960 1983 1009 2061 (a).
1022 1986 1144 2065 Accepit
1155 1983 1232 2042 olim

186 2073 308 2136 huncce
329 2073 467 2134 codicem
489 2072 639 2154 lligaltius
660 2092 676 2131 e
696 2070 885 2131 bibliotheca
909 2073 1068 2148 Remensi,
1092 2077 1155 2133 lae.
1178 2074 1234 2133 Sir·

188 2164 297 2225 mondi
317 2184 391 2223 usus
413 2184 506 2245 opera
518 2163 567 2242 (3).
582 2161 720 2221 bentleio
739 2161 801 2222 duo
818 2159 939 2221 Phaedri
955 2161 1089 2239 codices,
1104 2186 1175 2224 cum
1188 2159 1248 2222 Pi:

187 2250 345 2326 tlroeanns,
362 2265 431 2310 tum
448 2252 620 2323 Remensis‚
639 2272 675 2309 ex
688 2246 785 2310 eodem
801 2248 966 2332 apographo
980 2250 1171 2332 negligenter
1185 2253 1234 2313 de·

190 2343 294 2424 scripti
312 2358 379 2401 non
398 2341 552 2400 immerito
570 2339 770 2411 videbantur3
790 2340 854 2420 ipse
865 2352 970 2398 tamen
981 2354 1126 2400 neutrum
1140 2363 1235 2401 versa·

189 2433 242 2491 vit.
254 2432 335 2490 Nam
346 2449 415 2512 quae
428 2431 461 2488 in
473 2431 555 2489 notis
569 2427 633 2510 ejus
647 2429 684 2488 ad
700 2427 865 2487 Phaedrum
879 2449 915 2488 ex
931 2428 994 2487 istis
1010 2430 1235 2511 exemplaribus

189 2518 337 2580 lectiones
349 2517 576 2600 producuntur,
588 2536 631 2577 ete
643 2515 765 2590 Pitheci,
779 2517 919 2596 Rigaltii‚
932 2517 1042 2592 Gudii,
1058 2519 1237 2599 lleinsiiquo

190 2606 250 2668 lide
262 2621 407 2667 constant
417 2606 467 2687 (4).
480 2608 648 2665 Ceterume
661 2606 766 2664 codice
776 2606 917 2664 llemeirsi
930 2606 1029 2664 varias
1038 2607 1183 2667 lectiones
1193 2607 1238 2666 di·

190 2694 320 2776 ligenter
331 2707 520 2775 excerpserat
531 2694 568 2751 D.
577 2693 770 2765 Vincentius,
790 2691 1175 2751 ordinlsBenedictinorum
1187 2693 1237 2752 ad·

192 2784 331 2863 scriptus,
344 2801 475 2862 quarum
485 2780 608 2861 copiam
620 2780 692 2838 fecit
700 2777 833 2836 Gabrieli
846 2778 990 2837 Brotierio
1001 2776 1042 2837 Cl.
1055 2781 1237 2860 Desectam,

191 2869 388 2929 bibliothecae
403 2868 576 2949 parisiensis
588 2869 677 2944 regioe
689 2863 783 2923 hocce
798 2877 935 2945 tempore
947 2878 1046 2923 custos
1057 2867 1112 2944 (5);
1125 2868 1237 2947 quibus

192 2956 319 3037 quidem
339 2953 484 3015 subsidiis
503 2953 668 3010 instructus
687 2949 853 3008 Phaedrum
865 2949 1028 3009 emendare
1043 2951 1160 3012 studuit
1179 2953 1239 3011 edi·

192 3059 244 3106 tor
254 3046 394 3126 gallicus.

415 3206 443 3264 3.
465 3203 620 3263 CODEX
642 3203 775 3263 PETRI
796 3203 1018 3264 DANIELIS.

197 3354 241 3412 De
255 3373 319 3434 quo
338 3350 500 3412 audiamus
521 3348 731 3430 disputantem
744 3348 971 3409 Desbillonium
988 3350 1039 3427 (6).
1056 3374 1070 3403 u
1089 3350 1171 3409 Inter
1191 3374 1238 3414 ve·

198 3458 290 3515 teres,
303 3443 411 3521 inquit,
426 3440 458 3497 P.
474 3438 609 3498 Danielis
624 3439 757 3513 codices,
772 3440 826 3520 qui
841 3438 938 3498 Paulo
952 3439 1093 3514 Petavio,
1105 3444 1238 3501 senatori

232 3593 271 3664 (t)
282 3593 383 3644 Brotier
392 3588 409 3641 l.
423 3609 445 3642 c.
459 3588 613 3642 Desbillonii
624 3590 697 3641 Pras.
774 3586 1063 3660 (3)Dedicatiolligaltii
1069 3602 1144 3641 antea
1151 3595 1237 3645 citata.

201 3675 271 3747 Disp.
283 3677 464 3744 ll,pag.x'vn.
774 3667 813 3737 (l)
827 3664 936 3730 Bentleii
949 3671 1021 3720 Praei.
1034 3670 1068 3722 ad
1078 3671 1220 3725 Phaedrum.

234 3755 273 3825 (a)
284 3752 438 3806 Desbillonii
448 3753 523 3822 Disp.
534 3753 570 3816 ll,
581 3749 615 3802 de
627 3748 699 3801 Phae-
773 3748 814 3821 (5)
830 3751 948 3802 Bcotierii
963 3753 1082 3805 Praelatio
1098 3757 1177 3808 citata
1193 3776 1240 3829 pa-

204 3835 241 3887 dri
248 3835 320 3887 labb.
332 3855 358 3906 p.
369 3850 411 3885 xv.
423 3831 513 3884 illucet
524 3845 610 3883 autem
620 3831 701 3883 diver*
739 3831 792 3899 gin.
802 3844 837 3879 vr.

206 3918 263 3968 sius
276 3936 291 3967 e
304 3914 424 3966 lectionis
437 3914 570 3966 varietate.
583 3912 621 3961 lta
636 3929 658 3960 e.
673 3929 699 3980 g.
774 3906 814 3979 (6)
826 3910 898 3979 Disp.
913 3910 949 3973 ll,
961 3907 994 3961 de
1008 3909 1108 3962 Pbaedri
1119 3912 1200 3963 Fabb.
1212 3933 1239 3984 p.

208 3995 269 4045 l’rol.
284 3997 309 4058 l,
323 3995 349 4045 3.
362 3991 426 4045 Cod.
442 3990 508 4041 Pith.
525 3989 603 4040 habet
618 3987 702 4039 libelli
740 4006 783 4041 xv.
795 3989 904 4042 Videtur
917 3989 960 4041 hic
974 3991 1063 4044 Codex
1082 3992 1200 4063 pluribus
1214 3998 1241 4044 in

209 4092 269 4135 nou
280 4077 427 4138 heriensis,
440 4071 523 4123 libelli
536 4072 587 4123 dot.
603 4070 659 4121 Lib.
675 4071 701 4134 l,
742 4071 807 4125 locis
830 4091 845 4124 a
868 4073 983 4125 secunda
1006 4094 1086 4126 manu
1109 4087 1242 4127 correctus

209 4153 235 4203 f.
244 4158 266 4219 1,
278 4156 309 4220 3,
319 4159 346 4205 in
354 4154 407 4206 Ms.
418 4153 484 4204 Pith.
495 4167 535 4204 est
538 4152 601 4223 face
609 4153 704 4223 impro·
742 4152 831 4204 luisse.
842 4151 900 4203 Vid.
918 4171 940 4203 e.
961 4170 984 4203 c.
999 4154 1105 4205 Eamus.
1116 4155 1174 4204 Vlll
1181 4192 1189 4219 ,
1209 4154 1243 4206 nd

214 4233 252 4295 δας
264 4239 290 4287 in
300 4235 353 4288 MS.
367 4236 438 4284 Rem.
444 4233 534 4303 fauce.
742 4231 800 4283 laih.
810 4233 836 4297 1,
845 4231 872 4283 F.
884 4230 956 4297 xffl,
970 4247 996 4296 r,
1008 4248 1031 4282 r.

1050 4321 1062 4348 'l
