2820 5018
180 435 239 503 163
304 437 375 501 FB.
397 437 486 503 Jos.
511 428 808 500 DESBILLONS
831 428 1087 499 PRAEFATIO.

176 596 243 636 eom
254 579 352 634 ueteris
363 576 471 636 Comici
488 573 616 645 Trabeoe,
631 570 779 655 exsabulo
792 575 943 651 Horpace,
955 571 1004 630 ubi
1017 569 1073 630 boc
1085 566 1222 649 ioquerrdi

176 685 266 744 penus
285 676 450 745 usurpatur,
473 674 533 720 tum
549 672 664 742 propter
679 661 825 718 senterttioe
844 658 1033 739 elequentiam,
1053 657 1221 717 tumetium

176 754 246 831 quio
258 750 386 811 nondum
401 748 484 830 oulqo
496 752 556 807 noti
570 760 654 806 soret:

317 870 396 932 llere,
406 870 427 919 ai
437 865 560 938 querelis,
571 864 681 936 ejulatu,
692 863 794 916 fletibus

317 949 446 1001 Medicina
456 948 527 998 fleret
537 948 643 997 miseriis
652 944 812 1008 mortalium,

315 1030 387 1081 Auro
397 1028 517 1101 paranda
526 1026 646 1079 lacrumae
655 1040 746 1078 contra
756 1026 842 1077 forent
853 1045 860 1074 τ

315 1112 392 1162 Nunc
403 1109 456 1160 haec
466 1107 500 1159 ad
507 1106 648 1158 minuenda
658 1105 725 1158 mala
735 1124 788 1157 uon
799 1106 881 1174 magis
889 1101 990 1168 valent,

317 1190 403 1256 Quam
413 1189 495 1240 naenia
504 1186 612 1238 l’raefieae
622 1185 655 1236 ad
665 1184 816 1236 excitandos
825 1197 949 1234 mortuos.

318 1271 368 1321 lies
376 1267 484 1321 turbida
493 1266 643 1332 consilium,
652 1285 706 1318 non
716 1265 806 1317 fletum
815 1277 949 1335 expetunt.

179 1377 251 1457 Quis
262 1378 339 1435 enim
357 1391 416 1437 tom
430 1395 543 1434 aversus
556 1396 575 1432 α
589 1375 696 1445 Musis,
717 1385 832 1452 touque
850 1368 1039 1429 humanitatis
1058 1386 1172 1448 expers,
1190 1375 1220 1423 ut

180 1461 280 1523 lteram
292 1462 487 1545 publicatione
501 1461 686 1546 offendatur?

217 1549 301 1609 Nihil
315 1550 457 1631 equidem
470 1550 559 1609 video
572 1550 604 1609 in
617 1547 664 1607 his
675 1547 846 1620 versiculis,
860 1544 945 1627 quod
956 1544 1077 1603 bonam
1088 1540 1219 1620 antiqui·

177 1653 271 1700 tatem
292 1662 358 1702 non
379 1640 529 1714 redoleat;
550 1653 581 1698 at
592 1660 690 1719 quum
704 1639 794 1720 pauci
808 1635 979 1696 admodum
992 1634 1071 1709 sint,
1089 1653 1143 1693 eos
1160 1646 1218 1691 tam

178 1728 274 1790 latine
285 1745 409 1811 tamque
419 1731 490 1790 scite
503 1728 600 1788 factos
614 1749 693 1803 esse,
708 1748 774 1788 non
790 1741 950 1806 tantopere
965 1724 1052 1784 decet
1065 1721 1219 1782 admirari,

178 1817 307 1880 Carolus
319 1835 421 1881 autem
435 1819 578 1901 Sigonius
594 1817 649 1876 ubi
663 1816 792 1878 Librum
810 1815 846 1874 de
862 1811 1077 1884 Comoiatione,
1096 1831 1116 1870 a
1132 1821 1222 1870 semet

179 1906 246 1989 ipso
265 1906 473 1983 elaboratum,
492 1906 625 1968 Venetiis
646 1925 731 1965 anno
753 1904 841 1977 1583,
860 1904 925 1963 sine
942 1899 1006 1962 ulla
1025 1897 1221 1982 prelatione,

178 1994 274 2056 edidit
286 1998 343 2057 sub
355 1998 482 2057 nomine
495 1996 591 2056 Marci
602 1992 696 2052 Tullii
709 1991 881 2065 Ciceronis,
900 2005 930 2051 et
947 2007 1056 2048 vemm
1074 1985 1171 2066 hujus
1183 1983 1223 2044 le·

179 2098 247 2144 tum
258 2085 339 2146 credi
354 2087 466 2161 voluit,
479 2086 552 2166 quid
568 2081 718 2163 contigit?
730 2082 838 2142 Statim
850 2081 1002 2140 Antonius
1013 2076 1222 2149 Riocobonns,

179 2173 491 2233 etlanusGulielmus
503 2173 723 2242 reclamarunt3
735 2189 895 2252 quumque
904 2166 1080 2250 imperitam
1087 2162 1223 2224 viderent

179 2259 412 2321 multitudinem
424 2262 492 2342 capi
504 2263 561 2319 ista
571 2261 707 2320 novitate
717 2279 751 2318 ae
762 2257 876 2340 debipi,
885 2253 1027 2315 fraudem
1037 2253 1223 2326 detexerunt,

181 2349 360 2431 scriptisque
373 2350 448 2422 suis,
461 2348 512 2407 ille
523 2347 688 2422 bononie,
703 2346 791 2421 1583,
805 2344 881 2404 alter
892 2343 1030 2417 Parisiis,
1045 2339 1138 2416 1584,
1149 2359 1225 2401 earo·

180 2456 246 2496 rem
264 2452 493 2520 proserpentem
516 2449 778 2518 compescuerunt.
798 2435 834 2494 ln
856 2453 948 2516 opere
973 2432 1107 2514 quippe,
1133 2429 1224 2510 longo

181 2523 253 2605 styli
269 2524 444 2585 recentioris
463 2524 598 2611 colorem
619 2523 744 2583 eruditis
767 2537 797 2583 et
818 2521 977 2602 sagacibus
999 2519 1123 2580 Criticis
1140 2513 1225 2579 facile

180 2610 241 2671 fuit
254 2613 504 2673 animadvertere.
595 2626 599 2639 ¹

221 2698 345 2779 Semper
363 2698 488 2780 quidem
502 2703 645 2781 antiquos
663 2701 755 2760 bonae
769 2700 942 2761 Latinitatis
959 2715 1099 2761 auctores
1114 2716 1224 2782 maqno

182 2806 252 2845 sum
266 2783 386 2846 bonore
398 2804 614 2869 prosequutus3
630 2803 661 2848 at
673 2809 725 2848 eos
738 2808 803 2849 non
816 2790 859 2848 ita
874 2809 1018 2864 veneror,
1038 2804 1073 2850 ut
1087 2787 1129 2849 ab
1142 2787 1225 2849 omni

183 2889 269 2958 parte
281 2875 523 2936 absolutissimos
535 2879 720 2951 existimem,
733 2879 820 2958 quasi
830 2899 921 2959 supra
934 2893 1046 2937 sortem
1057 2875 1227 2939 humanm

183 2963 223 3024 ad
234 2964 364 3046 gradum
377 2965 573 3047 perfectionis
583 2969 728 3027 ultimum
741 2988 803 3026 sese
815 2967 999 3026 extulissent.
1009 2966 1227 3048 Explanatoret

184 3056 327 3116 Veterum
342 3057 463 3130 omnia,
476 3077 545 3136 quae
558 3058 596 3116 ab
610 3058 681 3137 ipsis
693 3057 814 3137 prolata
829 3069 916 3130 sunt,
931 3055 1079 3116 admirari
1093 3056 1227 3116 obstina-

183 3160 245 3217 tos,
258 3147 281 3204 si
294 3145 408 3204 luerint
419 3146 560 3225 alioquin
569 3145 695 3219 eruditi,
706 3166 771 3205 non
785 3147 939 3226 vituper03
951 3145 1002 3204 sed
1012 3166 1063 3206 eos
1074 3161 1156 3208 certe
1164 3166 1229 3208 non

184 3251 291 3291 censeo
307 3235 338 3291 in
352 3232 408 3292 bac
423 3254 454 3292 re
468 3254 530 3293 esse
545 3232 720 3292 imitandos.
733 3234 799 3291 Suis
810 3233 939 3314 quisque
950 3252 987 3291 eo
999 3234 1145 3309 nomine,
1157 3234 1229 3317 quia

185 3319 281 3380 liomo
294 3338 351 3397 est,
371 3325 451 3382 vitiis
471 3338 604 3404 urgetur.
619 3321 747 3382 Audebo
762 3325 865 3404 itaque
878 3324 996 3404 virgam
1010 3322 1185 3404 aliquando
1198 3326 1229 3385 in

186 3409 351 3471 Phaedrum
372 3413 539 3491 quamdam
559 3414 730 3473 censoriam
751 3433 886 3473 exercere
900 3435 906 3470 :
932 3427 963 3471 at
983 3410 1086 3472 nihilo
1108 3414 1229 3496 segnius

186 3501 287 3582 ipsum
301 3500 339 3558 ab
357 3502 470 3580 iniquis
489 3504 725 3562 obtrectantium
743 3501 988 3561 accusationibus
1002 3500 1189 3564 defendam:
1203 3518 1233 3566 et

185 3587 237 3647 bic
249 3587 381 3668 denique
392 3591 545 3664 monebo,
563 3593 613 3650 vix
629 3590 727 3650 ullum
740 3588 834 3649 hodie
845 3590 994 3650 Criticum
1007 3588 1160 3667 inveniri,
1179 3592 1232 3676 qui

81 3742 85 3749 ,
187 3678 351 3738 calumniis
366 3677 519 3751 Scriverii,
533 3679 742 3761 Scioppiiquc,
755 3694 785 3739 et
800 3675 923 3739 Christii
943 3679 1076 3740 indoctis
1095 3701 1164 3742 non
1181 3680 1234 3742 ad·

188 3776 335 3835 versetur3
348 3778 401 3822 aut
412 3767 465 3844 qui
479 3764 643 3826 Phaedrum
655 3767 838 3847 generatim,
851 3766 876 3824 si
889 3765 945 3823 rite
956 3764 1080 3825 fabulas
1088 3766 1155 3849 ejus
1167 3786 1235 3828 exa·

188 3854 364 3926 minaverit,
379 3873 518 3914 sermone
533 3876 622 3914 usum
636 3854 729 3915 fuisse
743 3876 837 3936 puro,
852 3855 1012 3934 suavique,
1028 3868 1059 3914 et
1069 3854 1236 3935 teqnabili,

187 3943 405 4020 neminemque
416 3944 455 4002 ab
470 3944 522 4002 illa
534 3943 615 4002 felici
626 3944 759 4002 Terentii
772 3943 965 4025 simplicitate
976 3942 1107 4026 propius
1115 3944 1237 4020 abesse,

191 4051 254 4090 non
270 4029 351 4088 ultro
364 4050 434 4089 cum
447 4029 630 4110 Tanaquillo
643 4031 667 4089 F
668 4031 744 4089 abro
755 4031 796 4108 (ι)
806 4027 930 4108 judicet.

225 4189 263 4259 (ι)
276 4192 335 4241 Not.
347 4190 381 4243 ad
389 4191 536 4257 Phaedrum,
547 4210 569 4244 c.
586 4207 611 4257 i,
625 4204 686 4244 scct.
702 4210 714 4244 a
730 4205 755 4245 et
767 4191 791 4243 3.
