2820 5018
368 449 400 512 J.
421 449 461 514 G.
484 448 515 512 S.
538 446 796 515 scuwnssll.
1084 456 1103 522 3

47 588 174 680 paullo
185 587 329 679 penitius
344 590 561 678 inspiciendas
577 608 610 655 et
619 590 863 679 ponderandas,
877 614 944 684 quo
963 598 1106 662 releren-

49 699 139 778 dus,
150 721 195 763 ne
206 696 291 763 desit
302 699 503 786 exemplum,
513 699 605 763 locus
615 701 652 763 L.
665 701 694 779 l,
707 701 741 765 F.
753 703 800 778 ll,
816 701 853 766 16
862 706 888 786 (1
897 706 921 787 ),
933 723 969 770 ut
980 722 1105 771 taccam

47 805 101 873 de
110 807 198 885 aliis,
208 804 252 871 de
262 805 381 896 quibus
392 805 602 871 consulendae
612 824 688 871 sunt
699 811 791 872 Notae
801 828 930 876 nostrae.
942 815 1056 903 Ncquc
1067 816 1107 879 si·

48 914 165 980 lentio
178 913 478 1002 praetermittendus
490 932 539 979 est
551 915 711 979 Romulus
724 917 945 998 Divionensis‚
959 921 1052 1011 cujus
1065 923 1109 985 fa·

46 1017 156 1085 bulas
167 1042 246 1083 cum
256 1036 346 1084 textu
356 1017 485 1083 Phaedri
495 1017 669 1107 diligenter
679 1022 817 1101 contuli,
833 1047 894 1088 nec
906 1027 975 1090 sine
986 1028 1108 1093 fructu.

50 1126 163 1190 Hunc
178 1126 267 1188 enim
279 1142 312 1188 et
324 1121 491 1188 firmandis
502 1123 693 1189 melioribus
708 1123 836 1189 Phaedri
848 1126 1058 1210 lectionibus,
1074 1147 1109 1197 et

50 1232 186 1319 passim
200 1227 408 1294 emendando
423 1243 529 1315 poetae
548 1230 704 1293 inservire
721 1251 817 1317 posse
834 1233 987 1299 intellexi.
1007 1239 1108 1302 Porro

51 1334 208 1423 inspexi,
224 1354 284 1420 pro
297 1344 340 1397 ‘eo
352 1354 391 1396 ac
407 1331 523 1410 debui,
543 1332 713 1397 Editioues
727 1332 855 1399 Phaedri
870 1340 1011 1420 criticas,
1034 1360 1109 1430 post

54 1464 174 1507 meam
189 1439 377 1505 Editionem
389 1440 474 1530 juris
490 1441 590 1504 lactas
606 1439 746 1529 publici,
766 1445 929 1525 Brotierii,
950 1449 1110 1515 Dcsbillo-

55 1552 126 1628 nii,
142 1550 367 1637 Bipontinam,
384 1570 466 1636 quos
477 1546 650 1613 Phoedrum
661 1574 679 1613 e
689 1571 747 1612 sua
761 1551 907 1637 ipsorum
917 1559 1109 1622 recensione

58 1653 210 1722 edidisse
224 1670 361 1718 constat.
382 1654 487 1717 Hasce
504 1652 672 1718 Editioncs
689 1657 842 1734 maxime,
860 1658 979 1746 quihus
995 1660 1110 1753 adjun-

60 1758 174 1849 genda
196 1776 245 1825 est
266 1757 525 1837 Tzschuclriana,
548 1760 581 1822 in
601 1776 691 1823 textu
712 1758 822 1826 denuo
843 1767 1109 1851 recognoscendo

61 1888 189 1954 magno
201 1862 284 1929 mihi
297 1866 372 1927 usui
389 1864 503 1941 fuisse,
519 1864 637 1942 fateor,
653 1865 713 1928 etsi
727 1887 794 1928 non
810 1889 907 1931 unam
923 1893 1034 1935 earum
1048 1873 1112 1937 lec·

63 1974 197 2037 tionem
216 1967 427 2060 rejiciendam
445 1967 604 2031 duxerim.
627 1969 706 2054 Legi
725 1987 882 2055 praeterea
902 1996 970 2036 non
989 1997 1113 2060 paucos

62 2079 267 2144 Criticorum
285 2075 498 2139 illustriorum
515 2073 630 2151 libros,
649 2097 791 2162 quorum
804 2074 1022 2162 videndorum
1036 2099 1113 2147 ante

64 2181 131 2247 hos
144 2182 254 2245 XXIV
267 2202 371 2244 annos
386 2181 419 2242 in
434 2177 624 2243 adornanda
641 2177 768 2242 Phaedri
782 2178 936 2246 Editione
951 2185 1031 2249 milri
1045 2210 1113 2252 non

66 2286 147 2352 data
159 2286 269 2351 fuerat
279 2301 437 2374 potcstas;
455 2284 519 2372 legi
536 2285 633 2347 etiam
649 2285 795 2348 virorum
809 2285 983 2352 doctorum
997 2290 1115 2356 Obser-

69 2396 236 2472 vationes,
249 2410 323 2481 post
334 2391 404 2456 haec
416 2409 564 2480 temporo
576 2393 709 2479 scriptas
720 2396 778 2478 (2),
795 2411 827 2458 et
839 2396 996 2486 quicquid
1012 2403 1114 2466 textui

73 2496 204 2564 Phaedn·
220 2498 272 2563 vel
290 2495 511 2575 emendando,
533 2495 585 2560 vel
603 2496 795 2563 illustrando
814 2501 970 2567 inservire
989 2522 1114 2591 posset,

73 2604 232 2690 excerpsi.
249 2603 324 2666 Jam
342 2623 420 2664 vero
439 2601 611 2664 Lectiones
631 2603 741 2664 Varias
758 2625 833 2665 cum
849 2603 1008 2671 Codicum
1026 2610 1114 2677 MSS.

74 2729 292 2798 veterumque
310 2707 515 2787 Editionum‚
533 2725 604 2771 tum
620 2708 823 2798 conjecturas
840 2713 984 2777 virorum
1001 2715 1118 2781 doctis·

75 2822 236 2885 simorum
247 2818 449 2895 enumeravi,
466 2839 532 2880 non
547 2818 658 2904 paucis
673 2833 782 2882 tamen
794 2820 935 2899 omissis,
957 2845 1037 2911 quas
1051 2848 1119 2890 me·

77 2944 205 2987 morare
216 2938 251 2986 et
262 2921 411 2987 refellere
424 2944 493 2985 non
508 2937 575 2985 erat
587 2922 677 2985 tanti.
690 2921 891 3007 Singularem
905 2943 1016 2991 autem
1030 2929 1064 2992 in
1076 2950 1117 2996 eo

78 3031 236 3096 collocavi
251 3052 399 3117 operam,
415 3045 451 3092 ut
462 3031 487 3094 si
498 3028 567 3093 lieri
580 3043 705 3116 posset,
718 3031 764 3092 rei
777 3031 897 3094 criticre
905 3052 1051 3099 amantes
1064 3058 1119 3101 no·

79 3137 182 3201 titiam
204 3137 398 3200 Lectionum
418 3133 523 3200 Codd.
546 3135 635 3198 MSS.
657 3132 815 3199 haberent
835 3154 975 3203 certam:
998 3165 1063 3230 qua
1083 3143 1118 3206 in

80 3264 191 3306 caussa
212 3258 331 3329 praeter
351 3243 450 3304 Notas
475 3240 615 3316 Heinsii,
638 3236 751 3316 Gudii,
776 3238 949 3320 Schcfferi,
973 3245 1118 3331 llifflaltii,

83 3350 273 3426 Burmanni,
286 3371 352 3412 non
365 3370 481 3435 parum
492 3345 573 3411 mihi
583 3347 778 3433 profuerunt
791 3346 958 3414 Editiones
971 3353 1120 3420 Brotierii

83 3472 114 3518 et
127 3453 336 3531 Desbillonii,
351 3464 491 3540 quorum
503 3449 585 3513 alter
595 3449 750 3514 Codicum
761 3449 877 3516 Pithoei
892 3475 997 3540 nuper
1008 3454 1120 3523 denuo

84 3561 220 3626 contulit
231 3560 292 3645 (3);
310 3559 392 3623 alter
407 3582 474 3622 non
493 3581 556 3621 una
572 3557 774 3623 Collectione
791 3560 960 3622 Variarum
979 3586 996 3625 e
1013 3562 1119 3631 Codd.

87 3666 168 3733 MSS.
183 3667 379 3731 Lectionum
391 3686 469 3728 usus
482 3680 530 3728 est
543 3665 597 3748 (l).
612 3665 711 3727 Notas
725 3663 851 3727 criticas
865 3662 1029 3731 breviores
1043 3692 1062 3731 a
1073 3691 1120 3732 re·

121 3911 218 3983 (nobi
227 3910 288 3963 vide
298 3924 388 3976 notas,
400 3909 499 3963 coll.V.
511 3910 540 3961 1.
553 3908 627 3960 Adde
638 3910 699 3960 Exc.
711 3909 761 3965 xl.
773 3907 805 3959 ad
817 3910 845 3960 L.
859 3908 887 3969 l,'
894 3911 921 3962 F.
933 3910 1015 3973 XXV,
1027 3913 1057 3978 6,
1070 3929 1096 3983 7.

122 3990 158 4061 (a)
165 3992 231 4045 Vide
242 3995 269 4044 in
280 3992 379 4045 Neritia
391 3993 525 4043 Litteran'a
537 3990 693 4061 Scriptores,
704 3987 841 4039 Phaedrum
851 3989 1021 4058 illustrantes,
1030 4011 1120 4046 recen·

95 4084 226 4219 mllll'id.
238 4154 306 4204 infra
318 4150 352 4203 de
362 4150 446 4204 Codd.
462 4151 532 4204 MSS.
548 4153 579 4202 η’
596 4166 622 4215 1,
635 4147 693 4201 coll.
706 4147 740 4199 de
751 4147 828 4200 ulio.
841 4148 953 4216 Phanlri,
966 4168 1026 4202 auu.
1043 4150 1119 4220 1783.

130 4231 225 4301 llll’ul.
237 4232 300 4285 Nor.
312 4232 389 4287 litter.
401 4233 434 4287 de
445 4233 524 4287 Edin.
536 4230 649 4296 Phuni,
661 4247 720 4283 ann.
736 4229 810 4298 1786.
