2820 5018
326 428 391 493 DE
411 426 617 493 PHAEDlll

12 567 63 627 do.
74 569 240 629 Atramenti
251 588 323 628 vero
334 568 468 650 quodam
478 590 587 649 genere
597 568 697 628 fuerat
704 588 787 644 usus,
796 564 905 649 quoda

15 678 32 713 e
47 677 111 715 non
125 670 238 738 posset,
257 656 307 715 secl
320 678 383 736 quo
402 676 546 737 expressa>
562 656 635 714 olim
652 656 758 715 litterae
772 656 889 737 partim

2 766 50 803 em
63 746 196 806 colorem
207 748 359 822 abierant,
372 748 483 829 partim
496 748 621 806 exoletae
631 748 673 805 ita
689 745 779 828 plane
789 764 905 803 evanue

13 836 61 911 egi
75 838 205 895 omnino
215 857 279 895 non
294 848 424 918 possent.
438 835 585 895 Praeterea
597 856 707 918 parum
722 834 905 913 diligenter:

1 941 3 950 ¹
23 923 117 983 codex
136 946 170 983 ex
190 946 286 1006 aqua,
302 923 380 983 forte
399 944 452 1005 per
470 926 562 983 rimas
578 924 648 984 tecti
663 921 852 995 destillante,
866 920 905 981 ve'

2 1031 103 1087 more,
126 1015 233 1072 vitium
253 1027 444 1073 contraxerat
468 1013 510 1071 ita
532 1028 567 1072 ut
589 1011 690 1073 media
709 1030 905 1093 magnampt

0 1114 69 1160 rtae
88 1125 156 1161 area
177 1103 222 1163 rel
243 1104 359 1178 nullas,
382 1102 430 1161 vel
450 1118 661 1162 evanescentes
681 1103 795 1160 litteras
815 1115 905 1161 osten

0 1188 114 1270 cripsit
125 1192 263 1249 Perottus
276 1189 330 1249 has
342 1189 461 1250 fabulas
472 1193 506 1249 T.
518 1192 559 1248 M.
568 1190 691 1261 l'eltrio,
699 1188 905 1261 l⁷iterbiensi,=

1 1278 103 1335 ncuenu
123 1300 212 1338 suum
234 1293 332 1338 vocat.
355 1278 442 1337 Unde
461 1278 638 1338 confirmari
655 1290 753 1360 potest
771 1276 905 1337 ll'icodem

0 1364 68 1437 uia,
80 1366 133 1445 qui
146 1387 211 1424 non
226 1367 424 1449 Capuanum,
437 1381 470 1426 ut
483 1368 617 1449 Toppius
629 1366 787 1439 credebat,
800 1364 851 1425 sed
865 1366 905 1425 sa

7 1473 110 1512 ensem
123 1455 280 1514 l'erotturn
293 1455 384 1514 fuisse
393 1456 519 1537 probat3
533 1456 617 1537 quod
628 1455 793 1513 clarissime
807 1455 903 1513 etiam

10 1560 163 1617 gramma,
185 1542 271 1622 quod
291 1541 350 1601 boc
370 1541 403 1600 in
421 1542 525 1600 codice
549 1543 659 1622 legitur
681 1542 719 1601 de
738 1539 905 1601 Saxoferrat

1 1647 3 1655 ’
19 1630 200 1709 praefatione
214 1652 286 1691 vero
300 1645 426 1713 apparet
440 1629 494 1689 bas
510 1630 630 1690 fabulas
648 1631 792 1689 immixtis
807 1629 876 1688 aliis
894 1648 905 1687 e

7 1736 53 1774 rus
71 1718 110 1776 ab
130 1718 320 1777 adolescente
337 1719 370 1776 in
389 1715 508 1776 chartas
526 1715 637 1796 conjici
656 1729 782 1799 coeptas,
802 1714 905 1774 deinde

17 1805 113 1865 iorem
132 1828 181 1867 eas
199 1807 286 1866 cdere
303 1806 510 1879 constituisse,
524 1804 576 1863 sed
595 1806 644 1863 rix
665 1804 794 1863 dimidia
811 1800 905 1885 prael'a

3 1912 31 1950 rs
41 1892 101 1975 legi
114 1908 241 1977 poterat.
254 1898 325 1956 Post
337 1894 551 1977 prefationem
561 1893 745 1972 sequebatur
755 1914 762 1948 ι
772 1891 905 1951 Nicolail

10 1982 104 2063 trilicis
115 1987 269 2066 Sypontini
277 1982 577 2067 epitornesabellarurn
585 1981 627 2038 ud
633 1978 776 2059 Byr-rhum
787 1984 905 2041 Pcmltu

1 2068 125 2146 sfiliurn.
135 2067 534 2153 Indexineipitfidiciter3qui
542 2067 721 2126 continebat
731 2065 905 2149 inscriptio!

1 2156 68 2215 ulos
81 2173 150 2217 aute
165 2161 245 2240 ipsas
257 2159 377 2216 fabulas
394 2158 424 2213 in
435 2156 539 2214 codice
551 2156 682 2237 positos,
695 2156 727 2213 in
741 2155 854 2236 quibus
865 2154 905 2217 lro

0 2243 173 2305 rdverrebat
180 2249 385 2311 Burmannus,
393 2244 552 2301 Perottum
559 2245 664 2301 omnia
675 2242 905 2327 sivePromytlri

14 2329 143 2411 imytbia
161 2329 318 2409 abjecisse,
337 2328 389 2389 sed
406 2350 441 2389 ex
459 2329 519 2389 illis
538 2345 719 2411 argumenta
737 2329 905 2393 fabularun

21 2439 65 2491 se,
87 2432 117 2477 et
139 2420 211 2500 ipsis
231 2417 432 2500 praeposuisse
451 2416 557 2476 titulos
578 2438 718 2477 sermone
741 2418 834 2499 plane
857 2438 905 2501 per

36 2508 70 2564 in
90 2507 203 2586 quibus
221 2524 301 2585 saepe
315 2503 440 2584 vestigia
460 2502 715 2563 l'lroeclrianorum
737 2525 884 2564 versuum
900 2532 905 2561 t

6 2591 154 2652 nduntur.
169 2590 286 2652 Deinde
307 2590 446 2649 relictum
468 2604 533 2649 erat
556 2592 688 2673 spatimn
709 2592 741 2649 in
753 2592 838 2671 quod
851 2590 905 2673 plu

0 2678 63 2737 llas
74 2678 185 2739 referre
196 2690 308 2761 posset,
321 2678 345 2736 si
358 2696 433 2757 quas
445 2676 524 2736 forte
536 2692 640 2759 postea
653 2690 870 2759 componeret:
884 2698 905 2737 n

9 2768 172 2828 oleseentia
189 2788 286 2848 usque
303 2765 340 2825 ad
362 2778 482 2826 aetatem
499 2768 713 2839 maturiorem,
730 2765 863 2826 subinde
877 2786 905 2829 n

10 2856 72 2915 tad
84 2854 144 2917 boc
158 2877 244 2939 opus.
260 2855 449 2937 Sequebatur
463 2855 571 2914 titulus
586 2856 680 2938 ipsius
697 2855 815 2936 operis:
828 2856 905 2915 Ilion

12 2946 33 3003 o·
47 2948 168 3027 epitome
173 2942 348 3030 fabularum
365 2945 464 3024 AEsopi
468 2988 476 3019 ,
494 2944 600 3003 Avieni
615 2957 642 3002 el
660 2942 789 3015 Pluedri,
807 2943 849 3001 ad
865 2946 905 3025 Ρ]

4 3043 115 3093 merum
126 3034 226 3115 fratris
228 3028 345 3113 filium,
357 3027 564 3089 adolescentem
577 3034 787 3088 serenissimum.
807 3032 905 3111 incipit

32 3120 119 3179 Tune
137 3122 202 3203 ipsa
214 3120 252 3179 ad
272 3116 355 3178 hunc
374 3115 528 3199 Pyrrhum
543 3117 699 3198 prefatio,
720 3132 749 3175 et
768 3114 835 3176 lraee
850 3138 905 3177 mu

9 3236 13 3259 ι
43 3228 111 3289 quoe
129 3222 231 3293 aperte
247 3223 352 3267 tamen
375 3205 524 3279 ostendit,
545 3206 702 3264 Perottum
724 3204 905 3267 habuisset

1 3298 67 3356 stri
85 3297 237 3370 codicem,
260 3296 343 3356 unde
363 3296 422 3356 sibi
435 3294 573 3353 furatum
594 3294 743 3375 plurima,
761 3308 791 3354 et
810 3296 901 3355 metri

16 3402 38 3443 n
53 3384 223 3447 admodum
240 3385 373 3467 peritum
385 3383 491 3456 nobis,
506 3380 672 3441 Phaedmm
684 3384 786 3464 ipsum
797 3382 864 3463 jam
876 3380 905 3443 lu

17 3492 46 3548 a,
59 3494 91 3535 se
102 3472 215 3557 prodit.
227 3474 304 3532 Eam
316 3471 367 3533 hie
378 3472 530 3533 dabimus.

111 3620 175 3673 Non
186 3614 283 3671 suurbi
293 3620 357 3682 mei,
367 3634 434 3687 qnos
444 3629 536 3685 putas,
546 3612 678 3675 versiculi,

112 3696 164 3753 Sed
172 3698 261 3767 AEsopi
271 3710 344 3759 suut,
353 3706 379 3747 et
388 3696 479 3746 Avieni
488 3707 514 3744 et
524 3691 634 3751 Plu-dri,

111 3776 186 3845 Quos
195 3774 302 3845 collegi,
312 3788 339 3824 ut
349 3784 449 3835 essent,
458 3768 567 3841 Pyrrhe,
576 3768 652 3821 utiles
662 3767 722 3827 tibi;

110 3856 222 3927 'suaque
231 3870 325 3905 caussa
334 3852 429 3923 legeret
440 3852 585 3921 posteritas.

112 3934 187 4000 Quas
195 3932 336 3985 edielisseut
344 3934 391 3981 viri
400 3930 472 3981 docti
481 3926 598 3989 fabulas,

113 4012 215 4063 Honori
223 4022 250 4061 et
261 4010 358 4061 rueritis
368 4008 452 4059 dicari
460 4004 519 4058 illas
527 4008 592 4061 tuis,

9 4194 120 4265 (1)Virl.
139 4196 213 4249 Pras.
233 4198 277 4247 eit.
296 4212 323 4265 p.
344 4210 390 4259 xt,
409 4190 475 4243 Edit.
498 4191 587 4242 slirav.
