2820 5018
173 438 210 504 15
508 432 625 496 VITA
647 433 863 498 PHAEDRI.

166 581 282 641 indicat
292 578 332 653 (r)
345 597 352 633 ε
366 573 420 632 ubi
432 570 554 646 latetur,
568 574 708 653 quamvis
720 574 880 654 insigniter
892 574 924 633 in
937 588 999 634 arte
1011 596 1067 635 sua
1079 596 1112 635 se
1124 596 1212 636 exer-

165 668 275 739 cuerit,
288 661 443 721 fastidiose
456 674 558 719 tamen
571 662 602 719 in
616 682 774 720 musarum
785 678 898 721 coetum
915 662 1017 744 recipi.
1035 688 1049 720 n

206 751 352 814 Phaedrus
377 750 470 826 igitur
492 763 630 830 ternpore
655 751 781 808 Caesaris
802 752 922 810 Octavii
947 752 1096 831 Augusti,
1119 750 1212 831 eujus

166 843 316 907 memoria
335 854 364 898 et
383 838 553 898 recordatio
573 841 599 896 ei
620 853 684 898 erat
704 838 938 918 jucundissima,
960 843 1036 900 vixit
1054 842 1212 922 rebusque

166 929 305 993 secundis
317 948 389 986 usus
401 941 453 984 cst.
468 926 539 984 Post
551 928 680 1005 Augusti
693 926 824 1000 obitum,
837 928 961 987 Tiberio
974 927 1140 1009 imperium
1152 928 1211 987 ad·

166 1021 372 1089 ministrante,
394 1015 426 1072 in
445 1035 589 1092 magnam
612 1014 720 1074 inridit
737 1015 956 1089 calamitatem,
978 1015 1053 1075 odio
1074 1018 1213 1076 maxime

167 1106 283 1188 Sejaui,
301 1107 354 1186 qui
370 1123 427 1185 pro
445 1102 572 1161 arbitrio
590 1118 698 1161 cuneta
718 1103 840 1183 gerebat
856 1106 913 1163 sub
929 1105 1070 1179 Tiberio,
1087 1119 1117 1165 et
1136 1127 1213 1166 nos-

166 1213 264 1268 trum,
277 1193 353 1253 fiais
369 1206 543 1250 accusatum
558 1192 755 1266 criminibus,
777 1193 984 1253 damnaverat.
999 1194 1213 1275 Conqueritur

166 1287 251 1348 enim
263 1283 358 1355 Prol.,
370 1281 437 1339 Lib.
447 1281 489 1340 lll
499 1323 509 1353 ‚
518 1301 545 1339 v.
558 1278 627 1354 lo...
640 1278 687 1355 43.

306 1412 386 1482 Quod
399 1416 420 1464 si
432 1426 569 1465 accusator
578 1413 643 1464 alius
652 1413 745 1482 Sejano
755 1414 836 1481 foret,

305 1496 331 1548 si
341 1495 413 1545 testis
422 1491 501 1551 alius,
507 1492 588 1561 judex
598 1492 663 1543 alius
673 1492 800 1565 denique3

305 1577 419 1645 Dignum
428 1575 523 1624 faterer
531 1592 587 1625 esse
597 1592 638 1626 me
648 1578 725 1625 tantis
735 1573 817 1627 malis.

206 1697 268 1773 Qui
291 1694 408 1755 factum
429 1696 481 1769 sit,
502 1709 537 1753 ut
556 1696 588 1753 in
607 1694 715 1753 odium
737 1692 837 1774 Sejani
853 1696 1034 1769 incurreret,
1050 1717 1109 1779 pro
1121 1708 1209 1757 certo

166 1784 323 1846 adfirmari
338 1803 402 1841 non
417 1795 526 1864 potest.
541 1780 674 1863 Conjicit
685 1780 872 1858 Sebefferus,
895 1782 1079 1859 Phaedrum,
1092 1784 1131 1843 ab
1145 1784 1209 1843 Au-

166 1887 255 1955 gusto
275 1872 413 1931 libertate
436 1868 604 1944 donatum,
625 1871 726 1952 primo
746 1873 930 1951 Augustum,
950 1885 980 1930 ct
1000 1892 1073 1930 mox
1094 1891 1132 1931 eo
1154 1871 1209 1930 de·

165 1966 272 2025 functo
288 1976 423 2044 posteros
436 1960 518 2021 illius
529 1982 645 2021 amasse
658 1976 688 2021 et
701 1962 829 2022 coluisse
842 1985 848 2020 :
861 1983 938 2043 quos
952 1965 1031 2022 inter
1044 1984 1142 2045 quum
1153 1983 1208 2022 ex·

165 2055 273 2115 stiterit
290 2053 426 2135 primum
445 2051 593 2132 Agrippa,
615 2049 726 2109 deinde
745 2050 962 2125 Germanicus,
986 2072 1051 2110 nou
1070 2052 1208 2132 potuisse

165 2142 265 2202 deesse
283 2144 434 2199 rationem
452 2137 577 2217 Sejano,
594 2139 780 2198 criminandi
793 2137 956 2198 Phaedrnm
969 2138 1052 2220 apud
1065 2138 1207 2199 inviden-

164 2245 226 2290 tem
249 2244 339 2310 atqne
364 2229 549 2307 suspicacem
574 2230 744 2310 principem
768 2230 935 2287 Tiberium.
963 2227 1020 2287 Sed
1047 2226 1114 2289 lroec
1138 2249 1207 2288 non

165 2339 311 2398 magnam
331 2317 394 2373 veri
414 2315 543 2394 speeiem
560 2313 672 2375 habere
688 2330 719 2375 et
735 2315 827 2397 longe
845 2319 938 2398 petita
953 2316 1030 2376 milri
1050 2315 1205 2375 ridentur.

167 2409 233 2467 lmo
244 2426 316 2463 vero
329 2401 475 2461 Plraedrus
485 2416 641 2462 auctorem
651 2403 832 2465 calamitatis
843 2425 904 2465 suae
916 2427 947 2465 se
959 2407 1022 2487 ipse
1033 2404 1147 2465 fatetur
1154 2405 1205 2484 (a),

167 2492 319 2552 scribens:

570 2618 682 2670 Servitus
692 2621 804 2672 obnoxia

305 2699 389 2765 Quia,
400 2714 456 2769 qure
465 2695 583 2761 volebat,
593 2715 646 2748 non
657 2698 770 2750 audebat
779 2699 879 2767 dicere,

306 2780 432 2832 Adfectus
441 2781 562 2849 proprios
572 2780 598 2828 in
607 2778 716 2831 fabellas
726 2778 871 2848 transtulit,

305 2858 519 2930 Calumniamque
529 2860 594 2910 lictis
604 2858 680 2910 elusit
685 2862 762 2928 jocis.

304 2940 360 3007 Fago
370 2937 437 2989 illius
447 2956 494 3007 pro
505 2939 595 2987 semita
606 2938 656 2987 feci
664 2940 747 3003 riam,

304 3021 336 3069 lit
347 3020 457 3087 cogitari
466 3016 556 3087 plura,
566 3035 644 3088 quarn
655 3017 808 3088 reliquerat,

306 3099 334 3147 ln
344 3095 518 3147 calamitatem
527 3095 642 3165 deligens
652 3095 769 3166 quasdam
778 3115 871 3147 meam.

204 3221 324 3297 Quibus
338 3242 354 3278 e
367 3220 466 3279 verbis
478 3220 583 3300 colligi
598 3233 711 3301 potest,
729 3222 879 3302 scripsisse
891 3218 1055 3281 Phaedmm
1068 3221 1200 3298 fabulas,

164 3311 276 3391 quibus
290 3308 389 3389 Sejani
409 3308 603 3391 aliorumque
620 3311 679 3368 iras
697 3312 878 3382 concitaret3
895 3311 947 3368 etsi
964 3311 1132 3386 simularet,
1146 3314 1199 3372 sibi

165 3418 232 3456 non
255 3412 389 3456 mentem
405 3417 467 3455 esse
479 3410 587 3456 notare
605 3396 758 3477 singulos3
783 3396 864 3455 Prol.
880 3399 891 3457 l
897 3399 940 3471 ll,
954 3396 1024 3472 40...
1040 3400 1088 3462 50.
1103 3400 1198 3459 Verba

164 3507 247 3546 enim
264 3509 271 3544 :

303 3616 332 3665 ln
343 3613 516 3668 calamitatem
525 3614 640 3688 deligens
651 3616 770 3689 quadam
779 3634 878 3685 meam,

163 3761 229 3800 non
251 3742 479 3822 interpretanda
499 3759 570 3804 sunt
583 3745 755 3805 :nonnulla
777 3744 934 3828 applicans
955 3744 994 3803 od
1013 3745 1112 3820 mala,
1133 3765 1196 3827 qua

163 3849 268 3910 passus
281 3849 363 3903 sum,
377 3830 476 3910 quod,
490 3848 599 3913 praeter
613 3833 707 3908 alios,
719 3833 787 3892 vult
798 3835 937 3937 drusius,
952 3832 1068 3913 Anglus
1079 3834 1138 3913 (3);
1151 3833 1196 3893 sed

197 4019 237 4092 (r)
247 4021 314 4071 Prol.
327 4020 371 4071 lib.
384 4024 432 4088 lll,
443 4024 492 4091 dr,
506 4026 548 4077 23.
706 4030 736 4081 Τ.
747 4031 772 4095 l,
783 4048 842 4101 pag.
854 4029 920 4096 344,
930 4047 994 4081 vers.
1004 4046 1084 4097 germ.
1096 4028 1129 4079 cl.
1140 4028 1194 4079 Not

198 4098 237 4170 (2)
247 4100 315 4150 Prol.
327 4099 372 4150 lib.
385 4104 433 4167 lll,
445 4103 493 4168 34,
505 4104 547 4169 4ο.
708 4108 741 4158 ad
756 4105 824 4159 Prol.
841 4111 887 4173 lll,
899 4108 947 4173 4ο,
959 4121 985 4160 et
996 4108 1088 4159 Jacobs
1103 4106 1120 4157 l.
1138 4125 1162 4159 c.
1176 4126 1194 4180 p

198 4181 296 4252 (3)vir.
309 4180 422 4251 Phaedri,
436 4202 492 4256 quae
504 4197 594 4236 exstat.
608 4183 625 4237 l.
638 4205 661 4237 c.
707 4187 754 4252 35,
767 4201 820 4239 aot.
833 4185 843 4255 (
859 4188 879 4259 )
