2820 5018
53 485 326 510 mmmm

336 703 817 832 ruarmo
892 860 893 864 ψ

81 1015 315 1114 rarus.
347 1017 624 1114 susurru
655 1019 1087 1167 assultuum,

370 1284 395 1342 Ε
416 1282 655 1346 socfflTtTss
677 1284 790 1344 JESU.

61 1721 208 1818 Annuit
232 1753 300 1842 jam
328 1771 405 1819 ante
425 1753 524 1843 hujus
542 1754 643 1818 seculi
664 1754 785 1838 (seculi
801 1754 930 1838 XVlll)
950 1755 1106 1842 sexagesi-

60 1884 155 1925 mum
168 1863 411 1950 Disputationes
424 1862 466 1927 de
479 1863 544 1924 vita
557 1863 753 1948 scriptisque
765 1860 910 1939 Phaedri,
924 1863 1109 1950 cumperti·

60 1965 134 2028 naci
144 1988 182 2027 ac
191 1965 303 2029 labore
312 1967 412 2052 longo
423 1965 598 2041 institutas,
609 1963 827 2044 confeceram,
838 1965 1002 2054 simulque
1012 1968 1107 2031 Com·

60 2072 241 2135 meritorios
252 2071 294 2136 ad
307 2072 408 2159 ipsius
418 2071 554 2136 fabellas
563 2071 748 2162 adjeceram
757 2073 989 2160 amplissimos;
1003 2092 1037 2138 et
1049 2075 1109 2141 ista

61 2177 162 2240 etiam
174 2177 299 2254 omnia,
312 2176 354 2240 ab
370 2176 560 2241 hominibus
572 2175 743 2242 Societatis
755 2179 775 2241 J
778 2199 836 2241 esu
849 2176 986 2241 eruditis
998 2179 1042 2261 (1)
1053 2200 1108 2266 ap·

61 2280 212 2368 probata,
220 2281 430 2370 Typograpbi
440 2281 566 2370 aliquot
575 2282 783 2359 parisienses,
791 2279 853 2346 sub
862 2282 1015 2370 auspiciis
1024 2282 1120 2357 illua.

62 2386 197 2450 trissimi
210 2387 342 2450 Domini
355 2385 393 2450 de
407 2384 628 2463 Maleslrerbes,
642 2387 676 2449 in
688 2387 798 2451 lucem
812 2386 992 2452 emittenda
1003 2386 1111 2475 publi·

62 2515 134 2556 tam
147 2511 373 2581 susceperant3
385 2518 488 2583 quum
498 2495 719 2582 inexspectata
730 2494 895 2559 calamitas
905 2493 948 2559 de
961 2494 1042 2558 meis
1054 2517 1109 2560 me

63 2599 181 2665 studiis
203 2599 337 2690 dejecit,
360 2601 539 2690 sedemque
560 2602 649 2690 apud
671 2619 799 2666 exteros
821 2624 969 2690 quaerere
990 2603 1108 2690 coegit.

62 2705 149 2768 lnita
166 2728 244 2793 ergo
261 2730 335 2770 cum
352 2706 579 2796 Typograpbis
597 2706 731 2771 consilia
748 2729 883 2771 necesse
900 2707 963 2771 fuit
978 2707 1109 2772 abrum-

65 2834 163 2899 pere,
184 2829 283 2900 atque
300 2831 370 2877 toto
388 2836 426 2877 ex
443 2836 484 2877 eo
501 2831 651 2900 tempore
667 2812 825 2878 Phaedrus
843 2836 937 2878 meus
957 2813 1110 2880 desidere

65 2916 100 2978 iu
123 2917 262 2997 scriniis,
284 2919 336 2981 vel
355 2918 401 2981 ibi
420 2940 495 2982 cum
517 2917 626 2982 blattis
645 2917 772 3005 litigare
792 2939 859 2981 non
877 2918 1024 2982 cessavit.
1046 2916 1110 2982 Sed

65 3046 175 3112 nuper
190 3047 291 3114 quum
308 3043 440 3114 rogatus
457 3048 563 3090 essem
578 3024 677 3113 paulo
695 3025 835 3102 enixius,
853 3041 891 3087 ut
907 3024 1109 3111 evulgarem‚

64 3154 139 3220 quae
162 3133 307 3198 tamdiu
329 3157 514 3222 compressa
536 3132 766 3209 detinuissem,
793 3130 928 3195 tandem
948 3130 1110 3198 adductus

64 3259 153 3315 sum,
173 3255 264 3302 ntea
281 3238 394 3303 darem
410 3239 518 3327 praelis
535 3237 753 3327 subjicienda,
772 3259 839 3300 non
856 3250 967 3298 tamen
983 3236 1109 3317 omnia;

63 3362 96 3408 at
112 3345 236 3410 selecta
253 3346 403 3434 quaedam
421 3369 459 3410 ex
472 3347 541 3410 istis
552 3344 851 3423 lucubrationibus,
870 3366 949 3432 quas
963 3360 1066 3422 certe,
1085 3344 1114 3409 si
1189 3427 1192 3430 .

64 3451 180 3538 plenas
198 3468 231 3515 et
247 3452 388 3539 integras
406 3451 630 3528 effunderem,
648 3474 715 3515 non
728 3450 854 3514 ferrent
865 3449 997 3536 ingenia
1008 3448 1112 3512 nostri
1157 3474 1163 3485 ’
1224 3474 1229 3480 ’

66 3557 240 3644 temporis,
257 3557 448 3648 amajorum
462 3556 601 3644 ingeniis
614 3555 711 3643 longe
724 3555 870 3620 diversa:
889 3571 922 3617 et
937 3552 1001 3617 boc
1014 3552 1113 3616 etiam

67 3680 162 3750 pacto
174 3665 228 3728 vix
240 3664 391 3730 dubitare
404 3688 553 3752 possum,
569 3664 648 3753 quin
663 3664 772 3727 futura
785 3663 826 3728 sit
838 3661 1019 3727 faventium
1031 3658 1113 3724 mihi

69 3770 230 3836 lectorum
246 3775 329 3837 mira
344 3773 500 3861 paucitas.
517 3773 649 3838 Etenim
664 3771 766 3837 bodie
782 3772 881 3837 latina
899 3770 1006 3835 omnis
1022 3768 1113 3834 lucu·

71 3873 174 3942 bratio
184 3878 283 3965 paulo
293 3879 464 3967 operosior
473 3879 569 3966 plane
579 3876 755 3957 obsolevit3
767 3877 1026 3966 gallicorumque
1037 3897 1115 3962 opu·

104 4083 142 4154 (ι)
156 4084 264 4151 Curavi,
283 4100 312 4138 nt
329 4087 485 4159 approbatio
500 4091 563 4153 ista,
581 4090 655 4157 quasi
666 4085 798 4157 quoddam
810 4106 873 4139 mete
883 4066 945 4139 olim
957 4082 1114 4138 conditionis

77 4180 280 4233 monumentum,
294 4169 343 4221 sub
354 4169 432 4221 finem
443 4169 521 4240 bujus
532 4167 669 4221 voluminis
683 4167 861 4220 excuderetur.

109 4247 148 4299 On
162 4246 189 4301 la
202 4250 349 4302 troitum&
364 4249 391 4303 la
398 4246 442 4322 fin
456 4250 487 4304 de
496 4266 535 4305 ces
545 4248 723 4304 dissertatione
739 4247 803 4316 (B.)
