2820 5018
401 453 705 523 orsrumrro
728 458 753 521 1.
1038 469 1097 535 ,53

54 599 214 658 accesserit
238 618 356 657 necesse
373 610 420 655 est
443 597 514 655 satis
537 618 702 677 generosus
725 600 900 682 nobilisque
923 606 1101 675 divitiarum

55 702 267 769 contemptus,
282 688 306 746 si
319 684 583 768 quemadmodum
595 681 724 768 ipse'lib.
738 690 774 762 V,
785 689 851 749 fab.
866 690 900 766 4,
912 715 940 755 v.
954 699 986 770 8,
1002 714 1032 759 et
1047 702 1102 762 lih,

55 779 116 851 lll,
131 776 214 837 Prol.
227 798 256 837 v.
270 797 322 849 nr,
336 775 496 857 praedicat:

201 903 377 971 Periculosum
386 922 488 975 semper
497 903 741 976 reputaritlucmnu

200 987 348 1057 (iustamque
357 984 472 1038 habendi
481 987 586 1056 penitus
594 984 675 1053 cortis
682 989 793 1041 eraserit.

57 1097 138 1174 Quat
153 1099 269 1157 sincere
281 1098 320 1156 ab
336 1096 390 1157 illo
403 1119 534 1178 vereque
548 1097 623 1172 diei,
642 1119 679 1157 eo
698 1097 818 1158 facilius
832 1100 1026 1182 crediderim,
1042 1132 1104 1191 quo

59 1185 173 1268 majori
187 1188 294 1268 gloriae
308 1201 337 1246 et
349 1187 586 1263 immortalitatis
600 1187 748 1261 desiderio
762 1211 922 1252 accensum
935 1216 965 1254 sc
977 1197 1106 1261 demon-

59 1289 150 1351 strat,
168 1277 242 1335 dum
259 1297 290 1336 se
302 1275 402 1357 ipsum
416 1275 577 1336 collaudat
587 1273 634 1334 his
646 1276 759 1352 verbis,
773 1278 827 1339 lib.
842 1281 899 1358 lll,
915 1283 995 1345 Pml.
1009 1309 1036 1347 v.
1053 1291 1107 1366 or,

61 1367 158 1448 paulo
173 1365 302 1425 forsitan
317 1363 630 1444 significantioribus:

204 1491 272 1559 Ergo
283 1489 344 1540 bino
355 1488 458 1553 abesto,
470 1489 546 1554 livor,
557 1509 590 1541 ne
600 1492 695 1542 fmstra
703 1510 805 1560 gemas,

206 1570 337 1635 Quoniam
348 1568 469 1620 solemnis
479 1569 541 1620 milri
551 1568 661 1620 debetur
669 1569 759 1639 gloria.

63 1677 456 1757 unumstm

207 1805 352 1872 Peniculo,
362 1806 458 1858 chartis
468 1826 564 1859 nomen
574 1809 703 1859 uicturum
712 1809 788 1872 meis,

206 1886 305 1938 Latinis
315 1885 377 1937 dum
386 1885 502 1937 manebit
511 1888 625 1956 pretium
634 1885 721 1939 literis.

65 2001 165 2078 Atque
175 1994 210 2057 hi
222 1995 347 2077 quidem
360 2017 463 2057 versus
475 2011 711 2056 commoverunt
720 1995 893 2059 Adrianum
905 1999 1027 2079 Baillet,
1038 2008 1116 2075 utin

65 2107 174 2168 opere,
186 2083 272 2166 quod
286 2085 454 2164 inscripsit,
467 2081 505 2143 les
514 2087 681 2164 Juqements
690 2083 738 2142 des
747 2086 884 2160 Savants,
894 2089 929 2144 Τ.
939 2089 992 2164 w,
1002 2110 1032 2172 p.
1046 2091 1115 2168 148,

66 2196 124 2235 nos
138 2187 295 2244 moneret,
314 2169 468 2230 laborasse
483 2167 649 2228 Phoedrum
667 2170 778 2230 mo'rb'o
793 2172 945 2253 quodam,
963 2176 1117 2260 plerisque

67 2262 270 2346 scriptoribus
284 2260 419 2340 antiquis
433 2260 581 2319 Romanis
595 2247 759 2334 familiari3
775 2248 928 2343 ¹sensuque
941 2268 1116 2343 communi,

67 2373 166 2435 quum
176 2349 216 2410 de
226 2350 392 2431 se'ipsosic
403 2348 594 2428 loqueretur,
609 2356 730 2407 tantum
743 2368 809 2408 uon
821 2349 914 2430 plane
926 2356 1066 2428 caruisse,
1079 2359 1118 2415 At

69 2460 168 2523 quum
180 2440 280 2513 solus,
293 2439 423 2518 talisque
436 2439 550 2496 Auctor
559 2439 613 2515 (r),
630 2437 790 2520 censuram
808 2448 872 2497 tam
888 2461 1025 2505 severam
1036 2464 1118 2505 exer-¹
1195 2503 1199 2519 ,

69 2531 182 2603 umrit,
206 2526 357 2610 poeticam
378 2526 459 2585 hano
480 2515 650 2599 licentiam,
668 2514 767 2610 lruam
785 2527 915 2588 Horatio
936 2532 1065 2612 perinde
1084 2554 1119 2596 ac

70 2617 203 2680 Plraedro
223 2617 395 2698 petulanter
413 2613 532 2694 objicit,
554 2613 732 2698 nosiacile,
752 2613 932 2694 hominibus
950 2622 1118 2700 praeser'tim

71 2706 160 2767 nulla
171 2725 242 2764 vem
255 2701 410 2765 instructis
425 2702 863 2787 religione,'oondouubimub.
886 2706 956 2766 Non
974 2709 1017 2767 ita
1034 2710 1119 2780 beni·

73 2816 135 2877 gne
144 2814 285 2876 spurcam
300 2813 386 2874 teque
401 2813 436 2852 ac
450 2792 607 2852 indoctam
622 2793 847 2867 narrationem,
862 2803 959 2875 quam
974 2787 1120 2858 Phaedrus

73 2885 113 2943 de
126 2883 244 2942 Canum
258 2883 379 2963 Legatis
393 2882 432 2940 ad
444 2884 554 2942 lovem
565 2871 733 2959 conlinititj
753 2881 799 2940 vel
814 2863 1002 2964 im'pudicum
1015 2887 1121 2947 obsce·

73 2974 219 3044 uitatem,
229 2972 316 3051 cujus
331 2972 460 3053 vestigia
474 2972 506 3030 iu
520 2970 855 3050 fabelli's‘ejtts'lluabus
868 2973 1005 3032 tribusve
1018 2994 1122 3057 super-

73 3076 163 3136 sunt,
183 3062 316 3121 excusari
336 3082 424 3145 posse
444 3060 611 3120 credimus:
635 3079 737 3139 neque
757 3060 943 3130 arbitramur
966 3058 1022 3120 hos
1043 3060 1122 3139 esse,

73 3172 155 3236 quos
171 3152 205 3210 iu
224 3151 452 3232 Epigrammute
470 3171 562 3232 supra
581 3162 752 3209 memorato
773 3147 897 3228 improbi
906 3145 991 3229 jocos
1008 3143 1125 3233 Piedi

73 3241 226 3305 Martialis
239 3256 342 3313 vocat,
357 3240 408 3300 sed
420 3255 564 3322 putamus
578 3239 733 3321 Apologos
747 3235 811 3318 ejus
826 3236 944 3320 lepidos
955 3222 1125 3321 generatiiii

73 3342 104 3391 et
114 3329 232 3391 facetos
246 3329 430 3412 siguificari;
449 3330 534 3409 quod
550 3344 652 3389 autem
667 3327 838 3416 appelletur
853 3328 1028 3410 improbus,
1044 3329 1124 3391 nihil
1235 3352 1238 3358 ·

74 3417 178 3491 aliud,-
188 3430 283 3499 quum
294 3419 319 3478 si
332 3417 461 3478 callidus
473 3433 503 3476 et
514 3415 600 3488 vafer
614 3415 776 3489 diceretur,
792 3413 994 3495 intelligimus
1003 3417 1052 3498 (r).
1068 3502 1072 3519 .
1111 3494 1115 3512 ι

109 3597 151 3667 (ι)
165 3596 202 3646 n
215 3594 247 3643 r.
260 3589 535 3661 neuunmpaaear
551 3590 582 3641 ae
622 3568 1125 3660 quelquesveounpertundendum,

77 3677 177 3729 Butler
196 3694 259 3727 avec
283 3687 339 3745 trop
360 3673 392 3723 dc
412 3672 513 3743 me'pn's.
537 3673 584 3723 Les
623 3668 645 3718 il
658 3671 763 3738 ajoute:
782 3667 893 3737 improbi
911 3668 1010 3720 Phaedri
1028 3673 1126 3742 impro-

77 3757 189 3830 δίψης
211 3773 261 3827 que
282 3771 318 3804 ses
344 3753 472 3824 consceres
494 3761 584 3801 curent
623 3747 678 3799 buli
689 3766 784 3800 versus.
802 3747 931 3808 Plusieurs
946 3750 1041 3800 vende
1054 3751 1128 3814 Mou-

80 3856 139 3890 suec
150 3855 180 3890 ce
192 3845 284 3887 suvant
297 3831 487 3885 bibliothecam
503 3850 535 3881 ne
544 3832 584 3882 de·
625 3827 673 3881 tial
690 3829 824 3900 in'dupoeut
839 3848 906 3881 assez
919 3830 981 3900 quel
991 3843 1027 3883 est
1041 3828 1131 3887 lesem

82 3919 168 3968 nient
184 3932 232 3985 por
251 3911 275 3963 le
291 3913 381 3963 rendre
399 3911 492 3982 injuste
508 3903 585 3960 rison
625 3906 739 3980 quel'on
752 3907 1131 3980 doitdonncrquelquefoisou
1171 3961 1174 3966 ,
1258 3969 1263 3975 ,

85 3997 168 4070 ίςαηὶ.
184 3995 272 4064 (nore
283 3993 317 4045 de
328 3993 364 4043 Μ.
379 3992 475 4064 Adry.)
627 3998 681 4038 mot
692 3985 835 4056 improbus.
851 3987 886 4038 1ae
899 3984 930 4036 P.
944 3989 1045 4039 Brotier
1053 4008 1068 4038 a
1079 3990 1133 4060 pris

117 4077 156 4145 (a)
177 4076 214 4127 Le
230 4083 323 4125 suvant
340 4072 448 4144 liipuult
462 4091 478 4121 a
498 4070 588 4120 mieux
628 4087 656 4118 ee
667 4079 723 4117 mot
736 4085 768 4117 en
782 4067 839 4117 bien
852 4067 914 4137 plus
927 4069 1060 4121 mauvaire
1071 4080 1133 4138 part

90 4155 193 4226 compris
205 4153 230 4203 le
242 4170 299 4204 sens
310 4152 346 4204 du
357 4169 464 4223 passaqe
474 4150 505 4200 de
518 4149 589 4198 Mar·
630 4164 681 4218 que
695 4144 719 4195 le
736 4146 767 4196 Ρ.
782 4143 939 4211 Desbillons,
957 4145 1082 4218 puisqu'il
1097 4148 1135 4201 dit

95 4230 149 4296 tiol,
167 4233 281 4303 lorsque,
300 4231 373 4302 upre's
385 4231 461 4281 avoir
472 4228 594 4298 rapport!
631 4223 695 4295 qu'il
705 4222 748 4293 n'y
760 4241 776 4274 a
787 4222 866 4293 qu’un
878 4223 1070 4296 uiljlattcurdc
1082 4227 1134 4277 Do·
