2820 5018
412 459 722 527 otsrors‘rro
745 460 770 524 ι.
1057 471 1116 560 ,57

110 606 269 676 Attamen,
284 603 433 686 inquiunt
449 605 569 678 Critici,
587 604 641 686 qui
659 625 722 665 rem
736 605 826 664 istam
840 608 1021 688 attigerunt,
1033 612 1120 675 Phae.

68 688 146 751 drus
156 704 187 751 et
199 689 300 752 Thrax
311 690 385 765 fuit,
400 702 471 750 etse
485 691 549 772 ipse
562 689 710 750 Thracem
723 688 770 749 his
782 692 882 752 verbis
897 694 1028 757 indicat:

214 816 268 868 Cur
276 835 369 868 somno
379 818 454 868 inerti
463 814 579 868 deseram
588 817 677 887 patn'oe
686 815 780 880 decus,

213 895 334 977 'lhmissa
344 915 424 968 quum
432 912 497 966 gens
506 908 624 947 numeret
634 908 752 947 auctores
761 896 839 947 suos?

71 1010 228 1083 Attamen,
241 1009 325 1070 salva
336 1029 444 1068 eorum
459 1006 648 1082 eruditione,
660 1007 760 1067 dicere
769 1007 875 1067 liceat:
895 1011 987 1071 verba
997 1010 1119 1078 Phaedri

71 1097 202 1156 minime
214 1096 260 1167 id,
272 1096 357 1178 quod
371 1095 496 1169 volunt,
506 1095 530 1154 si
542 1096 599 1155 rite
610 1097 815 1169 excutiantur,
828 1096 1011 1177 significant
1022 1103 1120 1165 Docet

71 1202 184 1266 nempe
198 1181 345 1243 Phaedrus
361 1202 437 1255 suae,
454 1200 523 1263 quae
538 1182 677 1242 litteratae
694 1183 823 1265 propior
836 1197 893 1259 est,
908 1189 1014 1267 patriae
1028 1189 1119 1254 decus

71 1270 157 1331 nolle
172 1291 269 1352 seper
281 1271 425 1330 inertiam
437 1269 590 1343 deserere3
610 1290 708 1351 quum
722 1267 861 1330 Threissa
875 1293 964 1353 gens,
979 1280 1120 1357 quamvis

71 1383 89 1420 a
99 1361 220 1420 Graecia
238 1360 277 1419 sit
293 1358 391 1419 multo
407 1360 570 1433 remotior,
590 1379 661 1418 suos
675 1371 779 1419 tamen
791 1358 945 1436 auctores,
962 1366 1076 1427 Linum
1090 1384 1121 1430 et

71 1447 212 1531 Orphea,
233 1461 383 1508 numeret
407 1449 512 1530 Neque
531 1448 623 1507 etiam
646 1449 837 1531 temporibus
861 1451 931 1511 Lini
954 1467 985 1512 et
1004 1454 1122 1538 Orphei

70 1537 289 1599 Macedoniam
299 1535 436 1597 Thraciae
446 1550 564 1618 partem
576 1535 669 1596 fuisse
680 1537 810 1597 credidit
818 1538 976 1601 Diodorus
987 1543 1120 1621 Siculus3

71 1627 96 1684 is
109 1627 195 1685 enim
205 1625 259 1685 lib.
273 1627 335 1697 I,c.
349 1646 394 1700 to,
401 1625 604 1686 Macedonem
613 1623 721 1685 huicce
733 1627 852 1706 regioni
864 1647 953 1689 essea
965 1644 1052 1712 patre
1063 1654 1120 1694 suo

71 1712 194 1774 Osiride
211 1714 429 1795 praepositum,
451 1734 485 1772 sc
505 1711 711 1786 Macedoniae,
731 1728 802 1773 ante
823 1734 918 1794 quam
939 1721 1003 1777 nati
1022 1734 1122 1782 essent

72 1804 170 1862 Linus
184 1815 214 1862 et
228 1801 385 1884 Orpheus,
405 1802 521 1862 dedisse
535 1822 667 1875 nornen,
682 1803 839 1862 memoriae
851 1803 997 1885 prodidit.
1016 1811 1123 1891 itaque

71 1889 202 1952 Macedo
215 1889 360 1951 Phaedrus
371 1891 447 1966 fuit,
461 1911 561 1971 neque
576 1890 688 1969 magis,
701 1911 796 1971 quam
808 1889 970 1975 Philippus
981 1897 1124 1960 Macedo·

72 1980 133 2039 uiae
143 1980 220 2054 Rex,
231 1991 285 2038 aut
294 1999 424 2059 magnus
436 1979 489 2038 ille
499 1975 671 2037 Alexander
682 1978 826 2053 Macedo,
836 1978 898 2039 dici
904 1979 1004 2042 Thrax
1013 1999 1123 2065 potest.

114 2066 222 2144 Quum
234 2069 268 2128 C.
281 2067 442 2139 Octavius,
456 2065 583 2145 Augusti
597 2078 691 2145 pater,
701 2064 915 2124 Macedoniam
928 2066 1124 2133 administra·

72 2170 133 2231 ret,
145 2156 221 2217 vicit
236 2176 351 2237 magno
371 2154 492 2237 praelio,
509 2169 544 2213 ut
557 2152 650 2213 refert
665 2153 844 2228 Suetonius,
855 2157 934 2237 Ariq.
949 2177 1012 2240 cap.
1029 2160 1061 2235 3,
1074 2162 1122 2222 fu.

70 2244 181 2327 ditque
191 2246 296 2304 Bessos
308 2257 338 2303 et
346 2242 487 2303 Thraces.
498 2244 580 2302 Hinc
592 2241 720 2324 quidam
733 2242 851 2323 opinati
861 2257 948 2319 sunt,
959 2244 1122 2313 Phaedrum

73 2335 154 2392 inter
174 2331 312 2413 captivos
332 2332 464 2391 Romam
485 2329 577 2390 fuisse
596 2329 750 2389 delatum:
775 2329 826 2389 sed
846 2329 906 2391 hoc
924 2348 1014 2414 pacto
1031 2338 1122 2401 illum

72 2433 214 2502 tempore
230 2418 346 2501 Sejani,
364 2440 427 2500 quo
440 2440 471 2479 se
487 2420 640 2502 scripsisse
654 2431 793 2492 testatur,
810 2424 1045 2502 septuagenario
1057 2448 1121 2488 ma.

69 2507 172 2590 jorem
192 2507 284 2569 fnisse
305 2509 494 2591 oportuerit:
518 2507 603 2589 quod
624 2507 788 2568 verisimile
808 2529 874 2568 non
897 2510 1036 2590 videtur3
1057 2517 1122 2599 ipse

72 2596 173 2669 enim,
192 2595 248 2655 lib.
264 2597 315 2671 tv,
333 2595 413 2677 Epil.
426 2615 455 2655 v.
474 2595 523 2669 16,
538 2593 576 2654 de
590 2615 621 2655 se
634 2594 779 2677 loquens,
794 2597 836 2656 sic
851 2617 950 2659 unum
964 2621 980 2659 e
992 2603 1054 2663 suis
1066 2626 1119 2687 pa-

69 2684 173 2744 tronis
185 2681 350 2742 admonet:

224 2843 497 2861 ................
512 2807 582 2861 Olim
591 2807 663 2862 senio
673 2808 785 2863 debilem

216 2891 321 2943 Frustra
330 2889 452 2960 adjuvare
462 2890 567 2942 bonitas
576 2892 672 2943 nitetur
681 2905 734 2943 tua.

72 3002 166 3060 Tune
178 3021 248 3082 ergo
262 3022 328 3061 non
342 3014 407 3060 erat
421 3021 520 3082 neque
534 3020 637 3075 senex,
652 3020 752 3082 neque
763 3001 847 3059 senio
858 3001 1026 3081 proximus.
1042 3006 1120 3065 Prae·

73 3103 157 3150 terea
169 3092 194 3149 si
206 3089 357 3150 abductus
368 3111 405 3149 eo
415 3104 554 3172 tempore
565 3090 598 3149 in
607 3091 784 3149 servitutem
795 3088 915 3162 luisset,
925 3103 1049 3172 captum
1060 3114 1123 3156 esse

73 3200 148 3241 cum
167 3179 255 3238 victis
273 3177 320 3236 vel
339 3175 508 3237 Thracibus
527 3175 576 3236 vel
591 3178 686 3236 Bessis
700 3175 867 3236 dicendum
881 3175 975 3253 foret,
987 3182 1040 3261 qui
1051 3182 1121 3242 bar.

73 3266 143 3326 bari
159 3265 254 3348 longe
270 3267 309 3326 ab
325 3267 464 3325 Auctoris
482 3265 579 3324 nostri
596 3265 696 3347 patria
712 3278 799 3324 erant
815 3263 855 3324 ed
870 3269 1121 3349 septemtrionem

75 3356 198 3414 remoti.

114 3443 225 3524 ltaque
242 3463 363 3518 servus,
381 3462 493 3502 casune
511 3462 552 3500 an
571 3454 651 3501 sorte
669 3440 831 3513 nascendi,
850 3440 943 3501 fuerit
960 3441 1120 3525 Phaedrus,

75 3533 169 3614 plane
188 3534 365 3613 ignoratur:
388 3545 419 3592 at
439 3534 463 3591 si
482 3531 660 3614 parentibus
675 3530 778 3591 liberis
798 3545 963 3608 natusest,
981 3535 1122 3599 incidisse

76 3623 172 3706 paulo
193 3637 264 3706 post
284 3626 318 3682 in
338 3625 528 3696 servitutem,
549 3623 794 3702 translatumque
812 3622 905 3682 fuisse
924 3625 1072 3702 Romam,
1092 3639 1123 3698 et

75 3713 192 3773 litteras
205 3713 247 3773 ibi
262 3713 373 3773 latinas
385 3711 556 3786 edidicisse,
570 3733 607 3773 ex
616 3733 652 3772 eo
663 3725 754 3786 recte,
770 3714 802 3771 ni
816 3711 924 3789 fallor,
936 3729 1036 3796 potest
1047 3732 1120 3778 con·

76 3800 140 3882 jici,
163 3803 248 3885 quod
269 3804 333 3885 ipse
353 3801 525 3885 significare
545 3801 698 3876 videatur,
720 3801 859 3863 adhibita
879 3825 976 3885 puero
994 3806 1067 3883 sibi,
1087 3821 1123 3868 ut

80 3894 300 3968 institueretur,
312 3895 404 3954 fuisse
413 3894 507 3953 Ennii
521 3905 618 3975 poete
629 3914 737 3976 opera,
750 3892 836 3977 cujus
848 3896 940 3953 etiam
952 3898 1121 3976 versum(1)

81 3979 135 4038 sibi
149 3995 222 4040 tunc
235 3982 391 4040 memoriae
404 3979 586 4040 mandatum
598 3978 704 4056 refert3
724 4001 758 4040 ac
772 3982 938 4064 praesertim
951 3981 1035 4062 quod
1052 4002 1120 4042 ora·

84 4069 122 4128 tio
137 4068 202 4151 ejus
221 4070 353 4145 munda,
369 4071 497 4153 simplex
511 4084 542 4132 et
554 4070 652 4132 faceta
666 4085 797 4132 veterem
809 4070 1016 4131 urbanitatem
1033 4070 1120 4130 redo-

117 4226 153 4298 (1)
164 4231 193 4282 1..
208 4231 252 4297 w,
267 4252 290 4283 v.
304 4229 401 4304 penult.
