2820 5018
184 446 225 511 58
555 436 619 501 DE
642 427 845 501 PHAE'DRI

179 576 376 670 prefationes
387 577 515 648 Pithoni,
529 575 671 656 Rigaltii,
686 575 887 637 Rittersbusii.
900 577 972 637 Non
984 577 1077 661 plane
1089 594 1217 642 contem-

180 672 283 735 nenda
303 669 397 729 editio
416 668 470 726 etsi
492 664 686 725 vehementer
707 665 865 748 displiceat
881 668 1060 728 burmauno
1082 672 1115 729 in
1134 671 1216 753 praei.

163 761 301 831 ,Phaedri
317 779 390 819 ann.
409 759 492 836 1698,
506 771 536 814 et
545 755 731 815 ilesbillonio
742 758 774 815 in
787 755 864 838 disp.
878 758 920 817 lii
935 756 973 816 de
985 757 1070 820 editt.
1083 756 1217 838 Phredri,

179 872 249 935 pag.
269 866 361 922 xxvi,
381 860 543 929 propterea
560 844 645 925 quod
665 845 764 904 editor
778 844 910 906 aliorum
928 846 1048 907 labores
1065 862 1218 912 truncatos

179 940 316 1002 ediderit.
330 939 365 996 in
378 957 440 1018 quo
455 952 556 995 tamen
570 936 724 994 immerito
739 936 883 1017 carpitur,
902 950 936 996 ut
947 935 1024 997 mibi
1037 939 1163 1020 quidem
1178 943 1218 999 vi-

179 1026 276 1087 detur.
291 1027 331 1084 Ut
342 1025 424 1084 enim
432 1037 546 1082 taceam
558 1023 758 1081 Laurentium
767 1019 1028 1104 haudquidquorn
1041 1024 1080 1086 de
1088 1025 1219 1088 aliumm

179 1117 261 1177 notis
279 1116 428 1186 omisisse,
448 1112 498 1171 sed
514 1110 664 1193 quidquid
684 1113 715 1168 in
734 1111 769 1168 iis
784 1111 822 1170 ad
839 1113 974 1171 criticam
990 1116 1142 1176 rationem
1156 1134 1218 1199 per·

179 1205 311 1278 tinebat,
324 1207 355 1262 in
378 1202 440 1261 fine
458 1201 530 1260 libri
552 1199 715 1259 collectum
731 1198 862 1271 dedisse,
882 1215 916 1259 ut
935 1216 1014 1261 recte
1032 1219 1219 1266 monuerunt

179 1294 309 1354 editores
319 1292 478 1373 bipontini
490 1289 559 1348 loco
570 1291 678 1362 citato,
690 1310 760 1370 pag.
773 1308 844 1361 ην,
856 1291 925 1369 quis
938 1293 1033 1371 possit
1040 1289 1111 1371 jure
1123 1315 1218 1377 repre·

178 1378 313 1440 bendere
331 1380 431 1437 virum
445 1377 590 1448 doctum,
606 1374 738 1434 aliorum
753 1388 965 1456 excerpentem
980 1390 1087 1454 notas,
1103 1382 1218 1441 omissis

179 1486 249 1549 quse
261 1464 431 1547 superilua,
446 1463 694 1543 emendatisque·
707 1460 783 1522 falsa
794 1460 989 1522 viderentur?
1000 1465 1067 1546 lpse
1076 1458 1220 1528 burman-

179 1576 238 1615 nus
261 1552 394 1613 aliorum
409 1553 494 1613 dedit
513 1564 661 1633 excerpta.
681 1552 822 1611 Ceterum
842 1553 874 1610 in
894 1550 951 1610 bac
967 1551 1119 1629 editione,
1134 1556 1219 1617 valde

179 1643 344 1716 mendosa,
364 1639 470 1724 paullo
491 1639 628 1722 putidius
643 1637 806 1698 illustravit
824 1640 1007 1700 Laurentius
1026 1638 1223 1704 thdrurtre

178 1730 420 1814 jurisprudentia
430 1750 569 1790 romana.

218 1821 264 1882 De
278 1822 401 1880 raritate
419 1816 510 1898 hujus
524 1816 669 1877 editionis
683 1815 744 1874 vid.
763 1817 869 1876 Baueri
886 1815 1031 1878 biblioth.
1049 1818 1159 1880 libror.
1179 1832 1223 1882 ra·

180 1911 268 1982 rior„
285 1923 364 1989 part.
377 1906 435 1980 ill,
451 1926 521 1986 pag.
543 1901 608 1982 194,
627 1918 657 1963 et
674 1902 740 1984 lege
758 1924 826 1984 quae
846 1904 884 1964 de
902 1904 1001 1985 ligura
1017 1906 1156 1987 quadem
1168 1908 1222 1968 ob-

180 2015 283 2069 scena,
300 2015 368 2077 pag.
386 1991 627 2076 27oexscu1psa,
641 2004 790 2050 notantur
805 1992 837 2050 in
854 2006 911 2051 cat.
927 1992 1106 2053 bibleam.
1121 1994 1159 2055 de
1171 1998 1222 2055 lle·

179 2080 288 2162 vicely,
302 2103 371 2162 pag.
389 2083 452 2154 ild.
465 2079 545 2138 Edit.
558 2078 641 2137 alter.
658 2077 804 2150 addatur,
819 2090 875 2137 cat.
891 2080 1072 2155 Crevennae,
1087 2075 1149 2142 vol.
1164 2083 1224 2155 lli,

180 2189 250 2250 pag.
263 2190 329 2228 222.
341 2168 421 2227 Edit.
432 2188 504 2226 ann.
523 2168 596 2246 1776
608 2182 637 2224 et
649 2168 795 2225 Dictiouu.
810 2165 998 2249 biblioprupb.
1013 2167 1077 2228 bist.
1086 2173 1228 2250 eteritirp,¹

180 2270 255 2316 tom.
274 2259 319 2331 ll,
340 2279 409 2339 pag.
432 2254 499 2328 384,
520 2256 573 2315 ubi
595 2252 660 2313 brec
679 2247 1006 2316 habenturzuhlditiou
1030 2256 1229 2319 recitemltde-d'

179 2364 264 2404 cause
277 2345 325 2404 des
338 2346 449 2426 fiyums
462 2364 499 2400 en
513 2340 593 2401 tuille
611 2341 707 2401 dorice.
721 2340 749 2401 ll
756 2344 828 2425 saut
840 2346 903 2402 uoir
915 2347 933 2403 d
947 2342 975 2402 ia
987 2365 1063 2425 pope
1084 2346 1144 2427 276
1155 2348 1185 2405 si·
1195 2345 1228 2405 ia

172 2432 272 2512 figure
285 2432 355 2492 libne
365 2445 393 2491 et
404 2431 549 2492 iude'ceute
561 2430 608 2509 n'y
622 2452 642 2488 a
650 2452 704 2511 pas
718 2435 761 2490 ete
773 2431 899 2493 decliuis
909 2455 951 2493 ou
960 2437 1054 2514 pdtde,
1070 2455 1101 2495 ce
1112 2438 1163 2516 qui
1174 2450 1233 2494 are

180 2523 239 2578 riue
253 2542 330 2581 assez
346 2533 479 2594 souueut,
498 2519 708 2601 pamequ'alors
726 2518 751 2580 ie
770 2521 881 2581 volume
896 2523 967 2604 pend
985 2522 1099 2605 lupius
1118 2523 1226 2607 yrunde

180 2612 272 2688 partie
283 2609 318 2668 de
329 2631 361 2668 sa
372 2607 479 2669 ualeur.
489 2634 503 2663 n
518 2608 710 2690 Exemplaria
723 2608 815 2690 hujus
826 2610 971 2671 editionis
984 2632 1053 2693 quie
1070 2611 1227 2674 habentur

184 2697 214 2753 in
227 2695 420 2756 bibliothecis
434 2709 463 2755 et
475 2695 636 2756 Dresdensi
648 2710 678 2756 et
689 2699 862 2759 Vinariensi
874 2714 946 2759 sunt
957 2702 1086 2782 integra.

214 2825 273 2878 Viri.
287 2827 369 2879 Catal.
381 2828 500 2880 biblioth.
511 2828 636 2881 llottbiill.
647 2850 707 2902 pag.
719 2849 761 2900 92.

668 2982 750 3041 1666.

1119 3063 1140 3097 0

220 3129 347 3190 Panum
358 3129 454 3192 falinl.
468 3135 567 3216 AEsop.
581 3133 635 3193 lib.
649 3136 685 3207 V,
698 3156 734 3195 ex
746 3139 921 3196 recensione
931 3133 1108 3217 Christoph.
1122 3139 1233 3210 Wase,

182 3218 328 3294 Londini,
346 3221 429 3295 1668,
444 3224 533 3283 in-80.

220 3305 396 3391 Christoplr.
409 3312 511 3385 Wase,
531 3309 617 3391 cujus
635 3315 782 3372 eximium
802 3312 840 3372 de
859 3314 979 3373 senario
998 3312 1114 3372 librum
1132 3309 1229 3373 habe·

182 3416 264 3468 mus,
277 3399 394 3478 primus
405 3399 436 3455 in
449 3397 558 3476 Anglia
569 3399 733 3459 Plraedrum
742 3399 851 3471 edidit,
863 3414 936 3459 teste
947 3399 1085 3460 Fabricio
1097 3402 1129 3459 in
1139 3401 1173 3458 B.
1182 3401 1230 3475 h.,

181 3497 256 3542 tom.
272 3485 314 3558 ll,
328 3506 396 3565 pag.
411 3486 458 3545 33.
472 3486 566 3545 Wasii
578 3488 746 3547 editionem
757 3488 933 3568 Tnnbrigiae
946 3487 1046 3546 lientii
1059 3486 1161 3547 lucem
1174 3485 1230 3547 ad·

182 3575 320 3654 spexisse,
335 3588 442 3633 auctor
460 3590 504 3635 est
522 3579 545 3636 F
546 3580 672 3638 unocius
686 3579 756 3640 loco
775 3582 876 3638 citato.
894 3578 950 3638 Sed
968 3577 1067 3638 baecce
1083 3577 1236 3639 locorum

181 3658 338 3718 diversitas
349 3661 419 3719 inde
431 3679 536 3722 exorta
548 3678 591 3724 est
603 3666 688 3746 quod
702 3668 818 3725 Wasius
831 3686 892 3725 suae
905 3664 1083 3724 fabularum
1095 3665 1230 3725 editioni

181 3751 367 3831 praemiserat
381 3751 541 3832 epistolam
558 3754 596 3813 ad
611 3754 769 3828 lectorem,
785 3755 888 3814 datam
901 3755 1092 3834 Tunbrigiae,
1109 3759 1141 3815 in
1157 3766 1240 3837 pro-³

181 3838 283 3895 vincia
294 3839 412 3911 Kentii,
431 3839 480 3898 die
494 3842 530 3899 23
540 3841 608 3921 jun.
627 3845 709 3903 1668.
721 3842 790 3902 Vid.
803 3845 908 3903 Petrus
918 3846 999 3903 A'xen
1015 3845 1048 3901 in
1058 3841 1186 3922 judiciis
1198 3853 1238 3900 et

181 3927 335 3986 testimon.
349 3927 386 3986 de
399 3925 538 3988 Phaedro.
551 3932 689 4011 Repetita
701 3944 745 3990 est
757 3931 887 3990 Londin.
907 3933 990 4012 1679,
1002 3932 1087 3990 in·8⁰.
1101 3929 1181 3989 Vide
1192 3929 1234 3990 de

180 4014 265 4074 editt.
275 4012 395 4073 Pbaedri
404 4015 441 4074 ad
451 4015 481 4075 h.
491 4038 517 4074 a.
530 4018 678 4076 Eamdem
686 4040 811 4100 quoquc
821 4019 979 4100 repetitam
991 4038 1053 4076 esse
1063 4037 1137 4076 ann.
1152 4037 1240 4098 1701·

183 4117 212 4162 et
229 4106 311 4187 1708,
323 4118 356 4163 ut
367 4106 409 4162 ait
418 4105 567 4165 bliillcrns
577 4110 608 4167 in
619 4108 736 4168 introd.
748 4110 780 4167 in
791 4107 904 4167 latinos
916 4109 1091 4189 scriptores,
1103 4121 1182 4166 torn.
1190 4107 1230 4182 V,

183 4216 251 4275 pag.
265 4196 314 4275 98,
334 4193 371 4256 de
385 4216 421 4256 eo
439 4194 563 4276 quidem
576 4198 610 4260 in
625 4198 857 4280 anglicanarum
870 4195 1131 4258 bibliothecarum
1147 4210 1238 4257 cased
