2820 5018
296 464 359 525 ιιι
385 459 666 522 vnoroouu
691 462 783 525 ιιιι.
809 465 856 527 ιι.
1036 476 1098 561 ⁵29

52 606 85 662 τὸ
95 605 240 662 uarietatis
251 601 386 661 absolute
396 599 472 681 poni
484 619 585 679 posse,
595 598 677 679 quod
688 600 792 660 multis
803 605 941 684 probavit
949 600 1098 671 Burman·
1127 584 1130 590 Δ

52 712 113 751 nus
122 704 231 751 contra
245 692 389 761 Barium,
400 708 467 747 non
477 701 556 747 recte
567 701 744 767 arguentem
755 693 1000 758 emendationem
1010 702 1100 762 Bent-

51 781 119 853 leii3
137 794 239 840 tamen
254 799 321 838 non
336 798 413 858 opus
426 790 486 849 est,
501 789 535 835 ut
551 784 586 851 τῷ
603 774 715 856 aliquid
727 777 878 841 adhaereat
893 783 1048 864 dictorum,
1066 805 1102 851 ut

53 881 138 950 patet
155 891 172 928 e
190 868 275 928 Notis
294 866 333 925 ad
353 886 459 925 vocem
476 862 597 944 aliquid.
618 865 827 946 Separandum
844 892 968 954 quoque
983 883 1101 940 notavit

52 956 196 1018 dictorum
205 957 244 1015 ab
255 960 432 1036 interponere
443 954 617 1013 Perizonius
631 956 662 1011 in
675 956 883 1018 Animadvers.
895 963 971 1023 Hist.
982 987 1047 1048 cap.
1058 968 1101 1042 ll,

55 1068 86 1128 p.
101 1045 158 1121 643
178 1047 320 1105 Heinsius
335 1066 377 1103 vs.
393 1067 412 1124 9
427 1043 530 1102 mallet
544 1042 659 1121 legere,
676 1043 726 1102 sed
742 1043 792 1104 ubi
810 1045 935 1125 libuerit,
950 1053 969 1111 i.
986 1076 1011 1113 e.
1029 1077 1102 1138 quo.

52 1138 247 1217 tiescunque,
265 1134 349 1215 quod
371 1132 446 1192 nihil
466 1132 528 1192 fere
546 1133 630 1192 addit
648 1147 701 1192 aut
720 1135 819 1195 aufert
838 1145 955 1217 sensui,
976 1160 1104 1206 notante

53 1228 245 1285 Burmanno.
260 1225 339 1300 Quia
356 1244 410 1304 per
426 1223 643 1304 compendium
659 1224 691 1282 in
706 1224 781 1283 Cod.
800 1227 883 1286 beni.
901 1243 930 1288 et
944 1232 1025 1293 Pitb.
1041 1250 1105 1294 crat

53 1312 181 1387 siluerit,
204 1313 276 1372 inde
294 1312 469 1370 Gronovius
488 1311 630 1390 conjicit,
649 1311 700 1370 sed
713 1304 737 1369 si
746 1314 841 1393 fuerit
855 1316 967 1395 aliquid
982 1324 1104 1404 interpo-

56 1425 140 1475 nere,
164 1403 236 1482 quia
263 1413 303 1461 cst
327 1421 398 1460 cum
424 1399 578 1458 infinitivo
605 1400 771 1480 aliquando
794 1423 850 1482 pro
877 1404 941 1464 licet
964 1413 1105 1471 occurrit.

54 1490 112 1551 Sed
130 1493 170 1549 ita
190 1489 239 1547 hic
255 1490 347 1547 ctiam
365 1487 452 1566 loqui
469 1501 592 1566 cogetur
608 1485 756 1546 Phaedrus
771 1487 930 1552 durissime
949 1509 978 1555 et
998 1514 1107 1579 practer

55 1600 176 1641 morem
190 1599 290 1638 suurn.
307 1579 343 1636 ln
357 1597 419 1657 qua
433 1578 622 1636 correctione
638 1577 813 1637 Gronovius
830 1601 957 1663 quoquc
969 1588 1107 1668 cogitur,

55 1670 89 1729 in
107 1667 222 1749 aliquid
234 1667 399 1727 secundam
413 1665 593 1747 productam
613 1667 833 1746 pronuntiare,
846 1669 911 1729 sine
927 1671 992 1732 ullo
1006 1696 1104 1735 cxcrn-

55 1760 127 1842 plo,
145 1772 199 1818 aut
213 1759 340 1816 ratione.
351 1756 420 1814 Vid.
437 1755 607 1814 Burmanni
622 1769 652 1814 et
666 1757 882 1836 Hoogstratani
898 1762 998 1823 Notas.
1012 1767 1104 1825 Bent-

57 1846 134 1909 leius
148 1849 286 1929 reponit:
300 1845 358 1906 Sed
372 1847 396 1903 si
412 1843 526 1904 libuerit
538 1842 650 1924 aliquid
665 1847 849 1925 interponere.
864 1852 1030 1926 Diuersum,
1046 1876 1108 1913 sen-

57 1956 105 1995 sus
120 1948 151 1995 ut
166 1935 282 1994 delectet
299 1934 429 1992 uarietas.
446 1930 501 1992 Sed
515 1942 561 1990 τοῦ
574 1930 714 1990 diuersum
729 1932 816 1992 uuila
834 1937 959 2018 vestigia
975 1940 1006 1998 in
1021 1941 1107 2000 cditis

57 2036 89 2082 et
107 2023 232 2102 scriptis.
251 2023 356 2097 Quum
374 2021 467 2079 etiam
483 2018 598 2100 aliquid
612 2041 677 2079 non
695 2041 812 2102 semper
826 2026 963 2104 requirat
979 2027 1108 2110 adjunc-

55 2127 125 2171 tum
142 2112 199 2170 sibi
214 2108 415 2191 adjectivum,
428 2123 463 2167 ut
477 2108 585 2169 notavi
603 2107 641 2166 ad
658 2128 766 2168 vocem
782 2108 909 2191 aliquid,
923 2135 965 2173 vs.
979 2137 1015 2195 9,
1030 2137 1108 2197 prte-

57 2213 150 2259 eunte
165 2201 361 2269 Burmann03
379 2195 436 2256 bac
455 2196 668 2257 emendatione
686 2217 750 2255 non
770 2211 835 2258 erat
852 2220 937 2283 opus.
955 2205 1107 2263 Burman.

57 2310 118 2350 nus
132 2287 219 2368 jubet
232 2290 306 2369 iegi3
319 2287 368 2347 sed
378 2291 402 2347 si
417 2286 532 2347 libuerit
544 2310 572 2346 a.
588 2291 606 2346 i.
622 2293 775 2347 Factorum
792 2289 838 2348 vel
855 2303 984 2351 actorum
999 2315 1106 2367 seruus,

57 2387 104 2449 ut,
119 2388 169 2435 etc.
183 2397 237 2436 nec
254 2376 318 2434 sine
335 2377 471 2449 ratione,
488 2375 573 2456 quod
587 2374 653 2434 fusc
668 2390 817 2435 monstrat
836 2377 883 2437 vir
899 2377 1016 2438 doctus.
1037 2383 1108 2441 Fac·

58 2475 91 2521 ta
105 2463 188 2522 enim
203 2476 409 2545 opponuntur
423 2461 535 2521 fabulis
549 2484 567 2520 a
582 2462 702 2520 Petmn.
716 2482 781 2543 cap.
795 2464 932 2538 LXXVh
947 2466 1038 2525 Ovid.
1049 2469 1107 2542 VI,

57 2555 139 2612 Fast.
160 2555 193 2626 33
213 2553 274 2613 Cic.
293 2553 352 2627 111,
371 2550 467 2630 Off.9
485 2567 514 2610 et
533 2551 588 2624 ab,
603 2551 742 2611 dictorum
758 2566 861 2611 autem
878 2567 908 2612 et
917 2555 1067 2637 factorum
1087 2580 1105 2616 a

57 2642 190 2702 librariis
205 2643 292 2702 facile
305 2632 447 2723 potierant
458 2641 608 2701 confundi
625 2665 631 2699 :
648 2640 762 2721 aliquid
770 2643 902 2724 denique
914 2665 985 2704 curn
996 2648 1105 2728 geniti·

56 2751 96 2790 vo
111 2731 245 2790 construi
257 2746 377 2789 notum.
392 2730 445 2790 Sed
463 2731 535 2810 quia
549 2729 580 2787 iu
596 2728 720 2808 vulgata
733 2728 861 2789 lectione
873 2730 951 2790 nibil
963 2748 1006 2792 est
1022 2736 1103 2814 quod

57 2818 202 2878 lectorem
217 2820 329 2877 morari
345 2819 455 2899 possit,
472 2818 580 2875 rectius
595 2818 749 2875 retinetur.
764 2816 882 2876 Tollius
896 2820 929 2878 in
942 2819 1046 2880 locum
1059 2835 1106 2882 τοῦ

56 2904 172 2985 aliquid
182 2904 336 2964 substituit
347 2904 437 2963 aliud.
449 2908 544 2964 Versu
562 2925 609 2978 ιι,
623 2925 678 2985 pro
693 2907 832 2984 accipias,
847 2905 931 2984 quod
947 2906 1058 2985 legitur
1070 2910 1103 2968 in

56 2996 141 3057 MSS.
158 2992 235 3052 Pitb.
254 3008 282 3053 et
294 2997 424 3053 Remeus.
443 2997 492 3056 Vs.
514 3014 546 3051 12
558 3037 565 3066 ‚
577 3006 621 3052 est
633 3018 638 3050 z
653 2997 693 3051 ita
703 2996 743 3051 sic
754 2992 886 3072 mpeudet
897 2993 939 3052 illi
949 2993 975 3052 b.
986 3018 1013 3075 p.
1027 2998 1102 3056 Ben-

56 3082 131 3144 tleio
145 3080 354 3161 obsequuntur
367 3081 492 3139 Brotier.
506 3094 535 3139 et
546 3078 763 3139 Desbiilonius.

97 3170 147 3229 Vs.
169 3188 220 3241 12,
242 3168 284 3225 13.
302 3167 448 3226 Brotierio
466 3180 541 3226 teste
557 3166 590 3225 in
606 3167 687 3225 MSS.
705 3164 785 3224 Pith.
802 3179 831 3224 et
852 3168 936 3226 Rem.
954 3166 1003 3227 bic
1019 3168 1102 3228 locus

57 3258 99 3318 ita
120 3271 185 3317 erat
207 3276 382 3337 expressus:
402 3258 449 3312 lta
464 3257 505 3313 sic
525 3254 656 3336 rependet
674 3251 718 3311 illi
733 3252 853 3312 brevitas
866 3257 1001 3335 gratiam.
1021 3256 1103 3334 (Gu-

56 3348 126 3408 dius
144 3347 294 3406 tamenin
312 3360 443 3424 utroque
461 3344 572 3403 Codice
589 3343 748 3404 contendit
767 3343 921 3402 inveniri:
939 3347 981 3402 ita
999 3348 1040 3404 sic
1060 3368 1102 3405 re-

55 3437 156 3519 pendit
175 3435 217 3494 illi
239 3434 265 3493 b.
285 3437 336 3515 9.)
359 3431 445 3516 Cujus
464 3433 578 3494 uerbosa
599 3435 687 3492 nescit
706 3433 923 3491 commendatio.
941 3434 987 3493 Sic
1006 3435 1098 3496 Editt.

57 3524 186 3599 Pithoni,
206 3523 384 3585 Bitterslrus.
401 3523 532 3584 Nevelet.
553 3524 670 3597 Ursini,
691 3523 791 3605 prima
809 3525 993 3598 Burmanni,
1015 3525 1099 3602 aliae3

56 3613 115 3674 nisi
136 3613 219 3692 quod
239 3613 339 3672 Ursin.
364 3609 492 3685 habeat,
512 3613 560 3670 cui
577 3609 694 3669 verbosa
714 3613 801 3668 nescit
820 3611 1051 3688 commendatio,
1071 3628 1100 3673 et

55 3698 287 3773 ttinershusius,
303 3696 385 3781 eujus
405 3698 520 3758 uerbosa
542 3700 630 3757 nescit
650 3701 866 3770 commentatio,
882 3699 1031 3759 nimirum
1053 3723 1099 3761 re-

54 3785 189 3871 pendere
212 3791 363 3866 gratiam,
387 3801 505 3847 censeat
526 3785 760 3868 reponendum,
786 3786 935 3868 pmbantc
957 3790 1099 3850 Meursio.

56 3878 164 3953 Quum
180 3894 251 3933 vero
272 3877 428 3957 particula*
449 3881 489 3936 ita
507 3880 548 3937 sic
566 3876 669 3937 locum
689 3877 855 3935 obscurum
875 3891 904 3936 et
924 3877 1100 3937 intricatum

53 3963 181 4026 reddere
190 3963 373 4040 viderentur,
383 3966 434 4026 alii
444 3980 602 4026 tentarunt
612 3966 680 4025 alia.
693 3965 843 4039 Pithoeus,
854 3987 945 4046 quem
957 3966 1100 4028 nonnulli

56 4066 232 4133 sequuntur
252 4052 299 4128 (v.
318 4057 466 4134 Brotier.)
486 4055 680 4114 emendavit:
699 4056 742 4112 Ita
761 4057 812 4126 sit,
830 4053 962 4134 rependet
980 4053 1021 4113 illi
1040 4054 1100 4111 bre-

57 4143 134 4200 vitas
153 4143 287 4220 gratiam.
310 4144 346 4200 dt
367 4156 444 4202 recte
465 4143 631 4224 reponebat
651 4142 810 4200 Heinsius:
828 4167 841 4194 u
855 4144 898 4199 lta
909 4187 916 4213 ,
936 4143 960 4198 si
972 4162 1043 4221 pro,
1064 4143 1103 4197 ita
1131 4178 1135 4185 .

57 4232 118 4301 sic;
135 4251 171 4286 ne
184 4233 232 4304 sit,
251 4251 324 4311 pro,
337 4235 424 4292 nescit
430 4257 439 4304 ;
454 4230 551 4306 illam,
568 4252 624 4313 pro
640 4230 695 4304 ilb',
709 4229 790 4310 quod
805 4228 842 4288 ad
859 4233 1039 4307 scripturam
1053 4250 1105 4286 an·

140 4345 162 4379 1.
897 4326 930 4392 Sl
