2820 5018
355 444 1045 547 nonturnnsnrunscnrrrrs.
1170 476 1216 564 a,

175 629 240 668 nus
258 607 309 686 (r).
331 604 582 686 rSnspicionem,
613 605 720 684 inquit,
744 603 864 671 dudum
885 621 991 678 natam
1013 608 1105 677 luisse
1123 613 1221 675 doctis

176 697 338 771 novimus,
349 692 472 761 Phaedri
487 690 609 759 fabulas
620 693 691 760 iden
708 691 771 753 fere
783 695 920 776 periisse,
934 699 1006 777 quia
1024 701 1149 764 senariis
1161 723 1225 761 ver·

176 786 263 847 sibus
277 784 471 866 conscriptae,
487 780 618 841 indoctis
630 794 660 843 et
674 781 803 845 rudibus
820 782 952 847 librariis
966 806 1106 851 sermone
1120 789 1223 850 sabato

175 872 383 935 credebantur
400 871 491 930 abeo
506 869 646 951 proditur.
666 870 748 946 Quia
760 871 853 939 etiam
872 873 960 933 nulla
978 874 1041 935 fere
1055 878 1165 939 saecula
1179 879 1223 938 ef·

175 959 335 1021 fluxerunt
347 958 459 1040 quibus
471 977 538 1017 non
550 955 671 1017 fabulas
680 946 814 1039 lingere,
826 971 856 1017 et
867 959 969 1047 AEsopi
985 960 1025 1020 ad
1038 964 1223 1044 exemplum,

174 1044 238 1106 boc
251 1045 355 1128 scripti
367 1039 477 1126 genere
491 1044 537 1103 sui
558 1044 705 1126 temporis
721 1064 821 1104 mores
835 1058 944 1119 notare
958 1048 1149 1116 instituerint
1166 1051 1224 1111 viri

176 1135 375 1197 mediocriter
392 1133 519 1209 eruditi,
535 1132 590 1213 qui
604 1133 730 1214 vestigia
748 1131 870 1197 Phaedri
882 1151 1068 1218 prementes,
1082 1140 1130 1200 vel
1144 1141 1225 1221 ipsas

175 1226 282 1308 AEsopi
296 1223 418 1285 fabulas
432 1220 700 1304 interpolaverint,
719 1222 767 1282 rel
781 1223 846 1307 ejus
863 1245 979 1297 rromen
993 1227 1225 1310 interponentes

176 1310 368 1371 auctoritatis
383 1313 498 1390 gratia,
511 1307 639 1368 affectus
650 1311 794 1393 proprios
810 1311 844 1369 in
855 1310 984 1375 fabellas
998 1316 1225 1391 transtulerint,

175 1397 252 1459 hinc
267 1397 387 1459 labulas
401 1398 434 1455 in
448 1397 634 1462 immensum
651 1394 745 1460 fuisse
757 1399 992 1481 multiplicatas,
1009 1401 1064 1465 din
1078 1403 1225 1469 constitit.

177 1487 343 1568 Quotquot
358 1484 442 1542 enim
461 1484 619 1547 materiem
638 1499 776 1566 paratam
797 1487 978 1569 reperirent,
998 1503 1028 1553 et
1044 1489 1167 1551 fabulas
1185 1491 1225 1553 ab

178 1575 248 1636 aliis
257 1573 323 1656 jam
341 1573 478 1656 proditas
497 1572 647 1651 legerent,
665 1573 713 1637 vel
731 1572 842 1658 majori
864 1577 1027 1651 verborum
1046 1579 1166 1648 ambitu
1175 1600 1227 1641 eas

178 1661 384 1747 amplificare,
402 1661 464 1736 vel,
477 1675 512 1720 nt
524 1660 700 1723 viderentur
712 1684 730 1723 a
744 1684 775 1728 se
791 1662 884 1738 fiere,
900 1665 968 1735 aliis
983 1668 1082 1741 verbis
1099 1665 1226 1742 efferre,

178 1754 227 1813 ¹vel
242 1753 368 1813 mutatis
380 1771 460 1832 saepe
473 1753 627 1832 personis,
641 1765 671 1812 et
686 1753 893 1823 animantium
905 1756 1114 1830 sermonibus,
1130 1778 1227 1819 exem·

178 1842 233 1926 pla
250 1855 281 1902 et
300 1853 481 1922 argumenta
503 1837 564 1898 fere
585 1841 691 1902 eadem
710 1840 854 1903 exhibere
876 1843 1087 1905 instituebant.
1109 1846 1148 1903 Et
1166 1844 1226 1905 hoc

176 1928 275 1990 modo
286 1948 356 1987 vera
368 1925 504 1999 Phaedri,
519 1928 598 1985 inter
610 1941 656 1989 tot
666 1927 851 1989 adulteratas
863 1942 893 1992 et
904 1928 1021 1991 fucatas
1034 1952 1052 1994 a
1066 1931 1227 2004 monachis

176 2032 209 2078 et
220 2037 345 2077 morum
360 2012 526 2095 magistris,
540 2032 624 2071 merx
636 2014 737 2099 periit.
748 2015 789 2072 Ut
803 2015 886 2073 enirn
899 2017 1022 2097 penitus
1034 2019 1228 2097 ignoraretur

177 2098 1230 2188 operisantiquidominus,PromythiaetEpimythiaetiamabjicie·
1285 2162 1286 2166 ,

179 2193 306 2266 bantur,
315 2190 410 2250 autad
422 2187 579 2268 religionis
594 2184 769 2253 christianae
783 2188 894 2269 placita
903 2189 1228 2264 accommodabuntur,

179 2295 212 2343 et
233 2280 305 2343 inde
322 2281 415 2340 etiarn
433 2297 513 2359 saepe
531 2277 592 2336 alia
612 2277 720 2350 verba,
738 2296 855 2350 mores,
868 2277 944 2337 ritus
963 2290 992 2336 et
1003 2298 1143 2359 pcrsonoe
1162 2278 1230 2338 sub·

182 2371 399 2443 stituehantnr,
410 2381 440 2426 et
451 2367 476 2425 si
489 2385 557 2446 quae
569 2364 699 2438 fabulae,
711 2364 806 2424 ctiam
818 2363 1019 2439 brevissimae,
1032 2367 1171 2445 gentium
1183 2387 1229 2434 su·

181 2459 394 2542 perstitionem
404 2468 559 2537 saperent,
572 2452 671 2537 plenis
683 2452 767 2514 taedii
779 2465 809 2511 et
823 2451 938 2513 fastidii
953 2453 1229 2535 disputationibus,

180 2547 220 2608 ad
233 2546 413 2607 docentium
430 2566 464 2603 ex
479 2541 623 2607 cathedra
639 2562 773 2616 morem,
785 2541 1036 2601 extendebantur.
1055 2542 1136 2603 Hinc
1148 2555 1229 2602 natae

182 2636 243 2696 illae
262 2636 363 2714 AEsopi
377 2631 488 2714 sabuloe
499 2627 684 2704 irroralisntoe,
701 2649 764 2709 quo
781 2628 872 2688 titulo
888 2628 1007 2689 codices
1024 2629 1114 2688 multi
1135 2631 1170 2689 iu
1183 2630 1230 2688 bi-

182 2721 345 2786 bliothecis
372 2718 472 2780 adhuc
505 2717 637 2798 publicis
660 2731 690 2777 et
715 2717 842 2800 privatis
868 2729 1039 2798 supersunt.
1066 2717 1147 2777 llinc
1169 2717 1229 2777 sub

183 2813 320 2885 liimicii‚
333 2808 472 2881 Romuli,
484 2821 514 2867 et
530 2807 630 2869 nescio
645 2827 781 2887 qnorum
794 2805 842 2863 vel
856 2806 1061 2867 obscurorum
1074 2807 1228 2880 virorum,

184 2901 232 2962 vel
243 2900 374 2963 nomine
390 2897 560 2956 carentium
581 2894 690 2970 titulo,
705 2893 820 2956 fabule
836 2893 958 2967 multae,
984 2913 1092 2957 omnes
1106 2893 1231 2972 quidem

142 2983 147 2996 '
186 2990 328 3073 reliquias
341 2984 490 3068 quasdam
504 2997 639 3043 veterum
651 2995 813 3041 auctorum
825 2993 856 3040 et
864 2981 991 3060 vestigia
1002 2994 1168 3051 servantes,
1179 2979 1230 3040 sed

187 3077 276 3135 variis
288 3072 481 3161 interpolata
492 3069 607 3143 modis,
619 3068 838 3152 prodieram„

496 3211 523 3270 5.
544 3209 698 3269 CODEX
718 3208 924 3267 PEROTTl.

222 3346 269 3406 De
281 3341 387 3404 radice
406 3342 536 3416 Perotti,
551 3363 569 3400 a
580 3343 644 3401 lac.
657 3340 804 3422 Philippo
819 3338 972 3398 Dorrillio
987 3339 1019 3398 in
1037 3337 1125 3398 ltalia
1138 3358 1233 3419 reper-

188 3451 231 3511 to,
243 3436 277 3494 in
291 3454 384 3516 quern
399 3431 450 3491 ille
463 3433 564 3491 omnis
575 3431 694 3512 generis
705 3429 826 3493 fabulas
836 3430 987 3511 AEsopias,
999 3426 1136 3501 [insedi-i,
1150 3429 1235 3498 rivia-

189 3528 217 3584 ni
232 3538 263 3584 et
275 3546 359 3597 snas,
373 3543 438 3581 non
455 3542 520 3580 uno
534 3522 709 3580 carminum
720 3540 844 3601 genere,
858 3519 1005 3592 contulit,
1018 3517 1124 3599 paullo
1138 3517 1235 3577 fusius

191 3612 329 3673 disseruit
340 3609 590 3687 Burmannus(·r).
601 3610 854 3688 Corruptuserat,
862 3620 897 3665 nt
905 3621 973 3664 utar
982 3607 1053 3687 ipsis
1065 3604 1236 3663 Burmanni

191 3702 300 3775 verbis,
323 3699 418 3779 longa
436 3710 524 3756 aetate
537 3696 633 3756 codex
647 3695 807 3754 mutilatus
821 3707 851 3753 et
867 3694 1001 3752 vitiatus.
1019 3694 1112 3753 lnitio
1131 3706 1161 3750 et
1176 3691 1236 3749 fine

194 3807 296 3848 vacuas
310 3787 474 3868 reliquerat
486 3787 626 3844 Perottus
637 3785 764 3866 paginas
775 3784 904 3864 aliquot,
918 3783 1082 3841 destinatas
1095 3781 1237 3863 pluribus

194 3878 278 3937 aiam
296 3899 314 3935 a
327 3898 358 3935 se
373 3875 602 3935 conscribendis
618 3873 746 3949 fabulis,
758 3886 788 3933 et
802 3894 908 3931 earum
929 3871 1023 3931 indici
1043 3870 1173 3932 subinde
1188 3890 1238 3928 au·

223 4070 303 4138 (tlln
314 4071 387 4121 nraet.
401 4070 433 4121 ad
446 4070 513 4122 Edit.
525 4069 596 4122 Leid.
612 4086 694 4140 1727,
734 4072 875 4123 Burmann.
892 4087 952 4121 ann.
977 4084 1057 4137 1727,
1076 4062 1162 4127 in-4⁰,
1177 4059 1237 4112 coll.

202 4152 273 4216 Μ’·
489 4163 491 4167 ”
734 4153 797 4221 Ejus
825 4150 920 4221 praeiix.
945 4148 1013 4200 Edit.
1035 4148 1125 4199 thav.
1150 4145 1237 4213 pagin.

224 4232 265 4298 (a)
283 4234 352 4299 Lege
371 4233 550 4284 Prafntionenr
568 4231 695 4283 Editionis
735 4246 835 4282 xxxvtu
849 4247 904 4300 sqq.
