2820 5018
216 432 277 523 178
341 431 411 495 FB.
432 426 524 495 JOS.
549 423 851 494 DESBILLONS
872 428 1134 501 PBAEFATIO.

210 576 274 637 Jac.
294 568 459 642 Gronovii,
482 565 635 647 simulque
650 564 773 647 adjectis
787 567 852 626 Nic.
867 567 1046 652 Diapontiui
1062 573 1261 641 subeunde

209 659 325 734 Nitida,
342 657 511 739 eleganter,
527 669 558 715 et
574 652 796 717 accuratissime
818 677 897 739 opus
919 661 1098 729 univoemm
1119 684 1259 728 mum

208 764 269 813 est:
287 762 319 809 at
334 747 359 808 si
373 745 559 806 collectanea
574 743 766 824 Diapontini‚
783 743 845 804 sive
856 744 997 807 criticum
1012 749 1047 809 in
1061 770 1175 813 omnes
1187 755 1259 814 Ane-

209 839 250 901 n's
267 835 390 898 fabulas
409 831 540 892 indicem
561 830 725 912 exceperit,
749 851 845 912 pauca
869 834 1020 910 inveniet,
1043 858 1117 920 qun
1133 839 1258 902 -laudare

208 927 304 1012 possit
319 928 430 988 Lector
441 919 586 981 eruditus.
599 918 694 979 ludex
707 916 856 999 ejusmodi
870 941 888 980 a
902 923 952 982 lo·
963 924 1179 988 Freinrbernia
1190 949 1257 990 ωι,

209 1019 365 1090 sinuatus,
383 1032 468 1073 anno
487 1008 563 1084 1664
575 1009 769 1090 Argentorati
785 1011 865 1070 in·8⁰
873 1008 940 1092 jam
953 1013 1134 1094 publicanas
1145 1019 1257 1095 fuerat,

208 1108 261 1171 sed
277 1104 385 1167 utilior
400 1101 619 1186 perfectiorque
635 1098 756 1159 videtne
771 1099 948 1181 Diapontini
964 1101 1072 1180 labos-3
1099 1119 1195 1190 atque
1207 1120 1258 1171 aaa

208 1216 281 1261 eum
297 1194 388 1256 laude
400 1190 543 1253 fraudere
556 1210 622 1250 non
637 1188 725 1249 debet
739 1190 880 1271 praefatio
894 1190 1167 1279 longissima„qua
1181 1200 1257 1260 hui

208 1283 332 1346 Danetii
348 1294 439 1342 notas
453 1280 487 1339 in
504 1276 668 1338 Phaedrum
684 1277 825 1359 expendit
845 1299 881 1338 ac
900 1279 1084 1361 singillatim
1103 1284 1258 1368 mgilh

110 1406 116 1423 ι
207 1373 305 1437 lromo
316 1370 465 1445 furiosus,
479 1367 581 1430 studio
596 1387 668 1428 sane
679 1367 787 1428 odioso
801 1368 927 1449 perinde
938 1391 975 1429 ac
988 1371 1108 1434 inutili.

124 1490 127 1496 ·
247 1465 272 1527 F
272 1462 330 1524 rid.
344 1459 495 1522 Gronovii
510 1471 593 1519 notae
604 1458 672 1516 viro
684 1470 748 1516 tam
760 1456 855 1519 docto
867 1478 934 1519 non
944 1472 1019 1520 sunt
1029 1461 1152 1543 dignm
1166 1484 1257 1548 nque

207 1573 300 1617 cauas
318 1550 453 1635 profecto
472 1548 544 1608 satis
562 1566 675 1626 magna
693 1546 818 1620 exstitit,
838 1568 895 1607 cur
914 1569 971 1630 pro
989 1548 1052 1610 illia
1070 1552 1257 1616 mndieaud'n

206 1647 272 1707 Jac·
293 1641 469 1704 Gronovius
488 1639 522 1699 iu
544 1636 683 1697 Gudium
704 1648 863 1719 tantopere
880 1636 1142 1704 debaccharetur:
1162 1644 1256 1729 'rum

203 1735 291 1795 enim
305 1730 380 1791 dicit
392 1749 448 1790 suo
461 1727 541 1810 patri
552 1724 745 1786 suffuratum
759 1723 852 1787 fuisse
864 1725 1014 1808 quidquid
1027 1727 1110 1790 boni
1122 1731 1163 1793 ad
1179 1732 1255 1797 illes·

207 1818 357 1883 trandum
369 1813 537 1878 Pluedmm
551 1811 779 1895 compilaverit,
793 1825 823 1873 et
835 1834 989 1897 nusquam
999 1814 1199 1897 indicavisse,
1209 1838 1257 1905 pe

206 1931 299 1993 quam
314 1906 484 1992 profecerit.
499 1905 581 1965 Hinc
595 1922 722 1986 prorsus
737 1917 883 1966 amenum
895 1902 992 1981 illum,
1008 1918 1038 1966 et
1047 1927 1212 1988 pam
1222 1908 1255 1973 d

197 1999 382 2082 fissiafisisse
395 1996 533 2057 clamitat
546 1995 580 2053 in
594 1993 655 2054 auis
668 1990 949 2070 emendationibus,
965 2014 997 2077 p.
1014 1994 1092 2077 159:
1108 2016 1183 2081 qu
1195 1998 1257 2083 qai·

204 2087 277 2150 dem
297 2086 526 2149 emendationes
546 2102 613 2143 non
634 2081 734 2143 multo
754 2084 852 2164 magis
871 2083 961 2144 utiles
980 2080 1061 2145 milri
1081 2088 1158 2150 visa
1177 2101 1256 2167 ut,

204 2198 302 2261 quam
315 2175 527 2248 contumeliae,
540 2171 655 2254 quibus
668 2171 878 2233 adversarium
888 2173 1055 2255 inquinare
1067 2191 1215 2241 conam.

246 2267 350 2325 Partes
359 2263 453 2323 Gudii
464 2259 671 2321 defendendas
681 2260 810 2343 suscepit
821 2261 913 2320 Joau.
926 2258 1177 2345 Chr-'estophum
1184 2264 1257 2329 wel

204 2349 279 2427 iius,
293 2349 487 2432 Phredroque
497 2368 583 2409 anno
597 2368 674 2430 ¹7⁰9
685 2348 764 2409 iat-8⁰
777 2346 957 2430 Flmsburgi
966 2347 1069 2426 edito,
1079 2355 1256 2419 sne-mh

202 2437 398 2513 Gudianam,
413 2436 575 2499 calumniis
590 2435 850 2510 contaminatam,
864 2435 1022 2497 vindicare
1032 2458 1199 2521 aggrnm
1210 2452 1256 2505 u.

205 2526 295 2585 Hanc
311 2526 479 2586 editionem
495 2524 596 2585 videre
611 2523 689 2584 mihi
707 2544 870 2606 nunquam
882 2525 1030 2607 contigit3
1043 2547 1256 2615 eamquepst

207 2614 401 2673 termisissem
418 2614 555 2688 silentio,
578 2615 637 2674 nisi
660 2614 786 2674 aliunde
801 2612 984 2688 didicissem,
1001 2611 1130 2679 Phaedri
1146 2616 1257 2681 fabulas

77 2719 88 2740 ·
205 2700 240 2760 in
254 2701 321 2783 ipso
333 2700 425 2759 titulo
438 2701 577 2758 nuntiari
591 2721 653 2758 una
664 2703 818 2775 auctions,-
829 2720 959 2782 eamque
969 2721 1036 2762 non
1051 2724 1116 2766 esse
1126 2702 1255 2782 Phaedri,

205 2790 257 2852 sed
271 2791 401 2851 loannis
415 2790 576 2850 Commirii
591 2791 687 2848 nostri
701 2791 857 2865 fabulam3
873 2812 971 2873 quam
985 2792 1116 2873 quidem
1132 2794 1254 2875 andra

205 2879 339 2963 potuisse
350 2879 389 2938 ab
403 2876 532 2937 homine
543 2896 618 2936 sano
631 2890 661 2935 et
675 2875 819 2957 vigilante
830 2877 976 2951 adscribi,
991 2881 1182 2963 neutiqua·
1192 2903 1254 2969 p*

205 2968 288 3031 fecto
299 2966 441 3030 credibile
452 2980 504 3027 est.
519 2965 565 3025 lbi
579 2966 663 3024 enim
677 2963 836 3046 graphice,
848 2966 990 3046 quamvis
999 2967 1254 3052 perallqmien,

206 3059 337 3119 batavos
355 3070 443 3139 poeta
460 3054 562 3137 pingit
576 3073 596 3111 a
612 3052 771 3113 Ludovico
786 3053 855 3112 xlv
874 3051 1049 3115 debellatos.
1066 3057 1194 3121 ΤὶωΙυ
1208 3080 1255 3123 u·

208 3161 270 3209 tem
284 3148 352 3209 talis
368 3162 428 3209 est:
446 3144 602 3228 Appendix
616 3143 787 3228 &fabulas
800 3142 930 3218 Phaedri,
946 3165 983 3204 cx
997 3144 1188 3213 Bibliotheca
1198 3152 1255 3213 Η·

208 3238 305 3310 densi3
321 3237 373 3297 Sol
387 3251 414 3298 et
430 3238 538 3309 Ranoe5
552 3234 688 3307 Parisiis,
705 3234 787 3316 apud
804 3236 828 3293 F
829 3235 1001 3295 rauciacum
1015 3236 1161 3321 Magnes,
1179 3241 1254 3325 ιδῃ

208 3326 249 3385 Et
258 3325 296 3384 ad
309 3325 420 3386 calcem
434 3323 587 3405 adjectum
599 3336 658 3383 est:
672 3324 766 3384 Juxta
775 3321 923 3403 exemplar
931 3321 1040 3384 editum
1051 3325 1256 3391 Amelodni

208 3414 249 3474 ad
265 3417 377 3495 insigne
391 3416 484 3474 Josue.
501 3412 655 3472 Nimirum
672 3410 752 3493 apud
771 3411 938 3472 Historicos
952 3408 1070 3474 borum
1086 3428 1253 3502 tapam

208 3500 382 3581 complures
398 3514 588 3559 memoratur
604 3501 694 3558 losue
708 3499 776 3560 Van
794 3499 987 3579 Benningen,
1008 3501 1200 3569 Batavorum
1218 3504 1252 3567 le

209 3605 299 3672 gatus
317 3610 334 3649 e
352 3589 453 3650 Gallia
476 3589 584 3662 redux,
607 3589 756 3649 curavisse
776 3589 1010 3671 percutiendum
1030 3596 1252 3673 numismsn

208 3703 273 3763 quo
289 3680 458 3763 exsculptus
474 3680 536 3762 ipse
552 3692 634 3739 stans
650 3698 755 3740 coram
771 3680 841 3740 Sole
856 3677 974 3761 fuisset,
989 3681 1099 3746 addita
1119 3684 1180 3751 bae
1194 3704 1251 3751 n·

208 3771 322 3829 tentia:
347 3773 380 3828 ln
398 3781 547 3850 compertu
563 3789 627 3826 meo
645 3771 721 3829 stetit
737 3766 798 3829 Sol.
816 3769 870 3829 Sed
888 3770 1065 3834 Ludovicus
1083 3774 1205 3858 Λήδα]
1218 3772 1250 3837 ἅ

209 3857 343 3915 Maurier
352 3858 385 3914 in
398 3857 458 3915 suis
469 3855 721 3930 Commentariis,
733 3856 845 3937 pagina
861 3878 915 3938 70,
927 3858 1074 3921 editionis
1085 3861 1248 3926 Pariaienait

208 3964 292 4003 anno
312 3944 401 4017 1688,
417 3942 493 4002 falsa
506 3941 571 4004 haec
581 3964 642 4003 esse
655 3943 833 4003 contendit:
850 3943 937 4026 cujus
951 3946 1137 4030 opinionem
1151 3953 1247 4015 Frena

208 4032 307 4093 Maria
327 4034 436 4092 Atouet
452 4031 487 4092 dc
504 4034 633 4097 Voltaire
650 4031 744 4112 longo
766 4046 835 4115 post
857 4046 996 4118 tempore
1015 4038 1179 4123 amplexas
1197 4050 1246 4103 ee:

208 4136 315 4185 neuter
328 4122 473 4181 vero-niti
489 4123 677 4202 argumentis
696 4122 767 4182 satis
782 4122 901 4184 idoneis
920 4121 999 4186 milri
1017 4126 1163 4193 videtur:
1184 4147 1246 4194 aet·

208 4212 303 4285 titur,
325 4228 390 4271 non
411 4209 544 4272 inveniri
561 4208 623 4270 hoc
644 4210 817 4286 numisma;
842 4211 894 4273 sed
918 4212 992 4276 iude
1012 4217 1171 4299 probatur
1189 4230 1246 4283 tn·
