2820 5018
160 452 201 534 ou
533 452 597 519 nn
620 456 824 522 urinum

162 593 251 654 loturus
261 593 395 665 editions,
404 613 459 673 pur
471 592 496 652 le
504 597 580 655 siour
587 593 622 655 de
629 598 662 653 u.
671 597 709 654 D.
723 599 755 656 L.
768 598 863 671 Paris,
876 598 905 659 V
904 596 994 660 itteue.
1011 601 1098 683 1693.
1110 607 1204 669 itt-ra.

201 684 246 740 De
257 680 316 739 hoc
331 680 410 738 libro
426 682 467 740 sir
475 680 592 762 judicat
606 681 771 742 Lollemuut
782 682 840 743 loc.
855 686 915 761 rit,
930 708 999 768 pag.
1016 694 1073 750 225
1089 718 1105 747 u
1116 695 1205 755 ι’έάῐ-

162 785 224 830 tour
234 769 276 827 dit
286 768 359 828 dnus
370 792 401 827 su
412 774 525 854 prufuoe
538 769 609 852 qu’il
618 794 637 829 a
649 793 732 847 ruuu,
744 776 937 855 perfectionne
944 788 971 834 et
982 782 1095 862 corripi}
1105 781 1136 840 la
1150 796 1206 842 tm·

162 859 277 917 ductiou
288 856 323 915 de
336 858 381 916 Μ.
392 856 426 915 ilo
437 862 523 938 Susy,
534 861 584 937 qui
593 871 632 916 ost
640 857 766 918 devenuo
776 858 850 919 dous
860 882 903 920 ses
911 867 1007 924 maius
1019 888 1076 926 une
1090 869 1205 927 traduc·

163 950 223 1007 tion
236 958 309 1006 toute
323 945 461 1006 nouvelle.
476 946 540 1005 Ello
554 947 610 1004 m'a
624 967 700 1026 paru
718 968 795 1006 assez
811 947 913 1023 claim,
931 970 1009 1010 ossea
1021 966 1114 1029 inette,
1132 959 1206 1015 mais

163 1059 201 1094 uu
213 1058 269 1118 pou
282 1047 343 1116 trop
354 1033 542 1117 pe'ripltruso'e.
554 1062 567 1089 ιι
585 1034 653 1093 Vid.
667 1056 743 1096 vers.
759 1037 832 1118 gall.
847 1058 918 1098 ann.
937 1041 1023 1121 1693.

644 1179 725 1258 1694.

204 1314 329 1372 Pnnnnr
338 1310 400 1369 fab.
410 1310 509 1391 AEsop.
520 1309 590 1368 libri
599 1310 635 1384 V,
646 1330 717 1369 oum
727 1323 833 1370 annot.
844 1313 893 1372 lo.
903 1312 1048 1374 Schelleri
1056 1328 1088 1375 et
1096 1316 1201 1376 Fraus.

165 1402 274 1483 Gnyeti
290 1402 387 1474 notis,
402 1420 472 1458 oum
487 1398 532 1457 his
544 1399 679 1479 primum
693 1399 865 1480 publicatis.
880 1402 978 1464 Editio
992 1408 1111 1483 quiruu,
1127 1408 1204 1487 prio·

165 1489 249 1550 ribus
263 1486 454 1547 emendatior
467 1500 495 1544 ot
511 1487 639 1558 auctior,
653 1487 684 1544 in
697 1507 757 1566 qua
766 1484 908 1567 jungitur
919 1490 1129 1572 interpretatio
1142 1491 1203 1572 gal-

165 1577 224 1637 lica
234 1598 304 1637 cum
315 1576 406 1649 notis,
417 1589 445 1632 ot
454 1572 541 1632 indox
550 1571 662 1632 latinus
673 1572 853 1634 uberrimus.
862 1577 897 1634 ln
908 1575 1062 1658 belgicum
1072 1593 1202 1638 metrum

164 1663 363 1726 convertebat
373 1661 441 1722 lolt.
455 1659 612 1720 llilaridos.
626 1662 834 1741 Franequerae,
850 1664 895 1721 Ex
909 1663 1037 1724 officina
1051 1666 1201 1727 Leonardi

164 1758 254 1815 Strix.
271 1753 354 1834 1694,
371 1756 454 1812 iri-8⁰.

207 1846 280 1903 llaeo
294 1841 401 1915 oditio,
417 1861 510 1922 quam
528 1842 590 1922 ipse
605 1837 763 1920 possideo,
782 1842 884 1901 minus
899 1856 977 1902 ret-te
997 1864 1016 1901 a
1033 1844 1203 1925 Bipontinis

166 1949 294 1993 vocatur
305 1931 443 2014 Srlujfflri
453 1931 589 2009 septima,-
600 1942 643 1988 ost
658 1930 739 1987 enim
753 1950 837 1988 mera
853 1932 991 2012 repetitio
1007 1932 1088 1992 Edit.
1108 1931 1204 1991 Schel-

168 2022 221 2081 fer.
235 2042 306 2080 ann.
325 2019 407 2098 1093.
418 2018 485 2076 t'itl.
497 2017 583 2076 catal.
595 2017 670 2076 bibl.
682 2018 791 2077 Christ.
805 2033 883 2099 part.
900 2021 943 2093 ll,
957 2041 1027 2102 pag.
1045 2021 1115 2083 253.
1130 2020 1202 2080 Bibl.

170 2113 328 2172 Pinolliau.
340 2124 415 2167 tom.
430 2109 471 2181 ll,
487 2129 555 2187 pag.
572 2106 639 2185 359.

648 2252 732 2328 1695.

210 2396 334 2451 l‘naemu
352 2386 463 2445 fabular.
479 2386 606 2466 AEsopin·
622 2408 697 2464 quas
715 2409 731 2444 o
746 2387 843 2447 latino
858 2391 891 2447 in
905 2388 1061 2468 belgicum
1075 2404 1204 2449 metrum

170 2475 365 2539 (convertebat
380 2475 406 2530 J.
422 2473 460 2529 ll.
476 2471 656 2548 (llilarides)
667 2475 746 2531 ruris
761 2474 910 2533 secundis.
926 2476 1105 2552 Dokkornii,
1121 2478 1205 2556 1695,

171 2569 255 2625 iri-8⁰.
271 2560 411 2621 b'ors'ioni
426 2572 523 2615 textus
537 2556 656 2616 Phaedri
671 2558 791 2618 additus
805 2576 856 2619 est.

207 2690 316 2740 Fabricii
328 2688 354 2736 B.
367 2688 394 2736 L.
405 2687 479 2736 Tom.
491 2688 521 2751 11,
531 2705 590 2756 pag.
602 2687 644 2752 34.
655 2688 716 2739 Not.
728 2689 786 2740 Liu.
799 2691 901 2758 Bipom.
912 2709 971 2760 pag.
980 2707 1055 2751 xxvi,
1067 2691 1126 2744 coll.
1134 2693 1204 2743 Vers.

171 2770 239 2842 Belg.
252 2767 285 2818 atl
295 2766 319 2816 lt.
332 2785 354 2816 a.

649 2843 732 2922 1696.

211 2986 337 3043 Pnnnm
354 2984 429 3061 Aug.
445 2979 497 3038 lib.
516 2979 578 3037 fab.
594 2980 648 3037 lib.
660 2982 696 3052 V,
709 3002 779 3039 cum
793 2998 856 3039 not.
871 2983 949 3040 Dan.
962 2983 1138 3041 Hartnaocii
1151 2980 1208 3040 Po·

173 3073 305 3141 meroni,
320 3069 485 3141 historicis,
501 3066 678 3142 ritualibus,
692 3069 861 3128 moralibus
875 3084 903 3129 et
917 3069 1123 3151 philologieis.
1136 3070 1207 3128 Pro·

173 3162 295 3220 dierunt
318 3159 488 3240 sumptibus
514 3159 562 3215 Jo.
585 3156 800 3240 Widemuyori,
822 3158 983 3240 bibliopol.
1006 3158 1160 3219 lubecens.
1179 3170 1209 3217 et

174 3268 287 3308 excusat
301 3245 529 3327 lludolplristad.
549 3246 631 3324 1096,
647 3247 730 3306 ἰπὶ-80.

212 3338 346 3419 Spissum
362 3358 453 3418 opus,
473 3336 654 3413 octingentis
673 3351 702 3394 et
720 3336 825 3418 paullo
843 3336 974 3418 amplius
988 3339 1111 3418 paginis
1127 3356 1210 3399 com·

174 3423 374 3507 prehensum,
387 3423 424 3480 de
439 3444 500 3502 quo
515 3422 717 3481 Drsbillonius
733 3424 800 3482 loco
815 3425 921 3497 citato,
941 3444 1010 3504 pag.
1027 3443 1125 3499 xxvii,
1145 3422 1211 3483 lunc

174 3513 332 3573 momoriae
347 3511 500 3593 prodidit:
513 3538 526 3565 u
537 3515 580 3571 Ex
595 3514 770 3572 auctoribus
787 3515 891 3593 graecis
903 3528 932 3573 et
946 3513 1064 3585 latinis,
1079 3514 1170 3573 sacris
1181 3524 1212 3571 et

174 3601 327 3685 profanis,
345 3600 480 3658 inlinitas
493 3621 588 3680 propo
602 3601 728 3660 lacinias
740 3601 892 3673 obtrudit,
912 3600 1024 3682 quibus
1045 3600 1213 3661 Phaedrum

176 3691 274 3752 multo
289 3691 398 3770 sapius
411 3689 515 3747 obruit
528 3711 621 3770 quam
641 3691 784 3750 illustrat:
801 3692 969 3771 gravissimi
984 3693 1078 3750 etiam
1099 3712 1135 3750 ac
1153 3689 1213 3749 fm-

175 3779 364 3861 quentissimi
379 3799 494 3836 errores
506 3778 720 3859 typograplrici
735 3795 848 3861 augunt
864 3782 1107 3860 importunitatis
1120 3776 1214 3860 hujus

176 3869 365 3939 molestiam3
387 3888 451 3926 non
469 3867 581 3925 frustra
599 3883 701 3927 tamen
720 3872 821 3928 omnis
840 3870 1014 3928 llartnaorii
1034 3870 1152 3929 effusus
1169 3880 1216 3928 est

173 3957 281 4027 lab0r3
297 3952 448 4034 quosdam
462 3956 544 4013 eninr
562 3953 663 4014 adbuc
679 3957 808 4015 inveniri
824 3955 1002 4013 litteratores
1020 3971 1116 4036 puto,
1137 3976 1215 4036 quos

176 4047 246 4118 ista,
259 4041 399 4122 quamvis
407 4040 547 4121 paullum
558 4041 706 4122 indigesta
718 4043 864 4102 doctrinan
878 4044 1003 4100 variatas
1013 4042 1062 4100 sol
1075 4041 1216 4123 adjuvet,

176 4132 224 4191 ret
238 4133 331 4190 etiam
345 4126 485 4186 oblectet.
497 4153 510 4181 ιι

216 4217 333 4280 Eodem
346 4234 428 4278 anno
448 4218 646 4280 llartnaccius
659 4220 754 4280 alium
767 4219 881 4280 librum
896 4219 990 4281 edidit
1003 4222 1058 4300 qui
1075 4218 1218 4281 inscribi·
