2820 5018
173 517 213 559 22
516 487 629 551 VITA
655 488 867 559 ruffinus.

210 633 426 715 Cuiuscunque
433 628 956 711 generiscalarnitasfumit,inqiram
964 631 1073 692 odioet
1077 653 1211 715 persecat·

170 726 256 801 tione
267 718 367 799 Sejani
383 714 528 775 Phaedrus
543 715 604 775 fuit
617 718 824 799 praecipitatus
837 720 888 799 (r),
902 734 1019 791 certum
1031 736 1076 780 est
1086 720 1212 781 diuitias

170 811 352 889 neutiquam
372 827 442 865 euru
458 805 622 865 reddidisse
644 806 868 869 calamitosum.
883 807 1082 885 Quumenim
1096 809 1214 883 videret

169 898 315 985 pecunias
323 894 404 957 lrisce
411 895 711 979 temporibusmultis
718 917 780 955 esse
787 896 946 979 perniciei,
957 919 1055 981 opum
1060 898 1213 981 paranda·

170 1010 240 1049 rum
253 987 388 1047 studium
402 1008 494 1047 omne
508 1008 543 1044 ex
558 985 664 1061 animo
677 985 804 1061 delevit,
817 1008 885 1064 seu,
899 1002 933 1047 ut
942 990 985 1049 ait
999 990 1081 1050 Prol.
1096 990 1151 1065 lll,
1164 1010 1211 1062 ar,

170 1097 276 1155 curam
287 1073 424 1134 habendi
443 1075 564 1156 penitus
581 1074 787 1143 cordaerasit.
809 1075 844 1135 ld
865 1075 951 1157 quod
973 1076 1076 1149 innuit
1097 1077 1152 1137 lib.
1168 1078 1213 1155 V,

169 1164 233 1223 fab.
246 1165 298 1239 Ν,
310 1185 337 1243 7,
350 1166 384 1235 8,
397 1162 450 1221 ubi
464 1162 583 1235 scribit,
595 1176 665 1243 post
676 1180 848 1222 enarratam
861 1160 1002 1223 fabulam
1014 1162 1053 1223 de
1064 1165 1153 1225 asino
1165 1162 1214 1225 de·

170 1262 316 1312 trectantc
339 1248 447 1307 hordei
469 1249 627 1308 comedere
653 1248 813 1331 reliquias,
835 1270 898 1337 quo
922 1251 1079 1331 saginatus
1100 1272 1214 1335 porcus·

169 1341 293 1402 Herculi
308 1338 419 1399 deinde
429 1338 607 1397 immolatus
619 1337 678 1396 fuit
691 1362 698 1396 ε

311 1478 394 1543 llujus
403 1488 523 1544 respectu
534 1473 628 1525 sabula·
637 1474 774 1525 detenitus

310 1553 487 1606 Periculosum
499 1572 601 1625 semper
608 1558 728 1623 reputavi
737 1554 847 1607 lucrum

170 1676 209 1734 Et
216 1674 354 1757 profecto
365 1690 439 1733 tunc
448 1674 717 1755 opulentissimum
726 1694 878 1755 quemque
888 1696 906 1733 a
915 1674 1040 1733 Tiberio
1054 1675 1148 1733 variis
1157 1673 1215 1733 cri-

168 1764 393 1824 minationibus
405 1764 618 1829 ciacumveniri
631 1762 770 1837 solitum,
782 1780 890 1844 praeter
901 1763 992 1838 alios,
1002 1765 1164 1837 Suetonius
1172 1766 1213 1853 (a)

168 1868 198 1913 et
211 1855 331 1915 Tacitus
343 1854 383 1931 (3)
398 1852 522 1927 docent,
537 1867 610 1912 teste
626 1850 781 1911 Scheffero
793 1849 842 1931 (4).
860 1854 964 1933 Neque
974 1855 1068 1913 etiam
1080 1852 1213 1913 dubium

167 1957 212 2000 est
238 1939 417 2014 Phaedrum,
437 1940 640 1999 calamitatem
663 1961 779 2020 magno
800 1940 948 1999 ferentem
969 1942 1091 2016 animo,
1117 1962 1213 2000 reme·

168 2029 255 2088 dium
278 2028 499 2087 adversuseam
513 2029 634 2110 petiisse
647 2050 664 2087 e
678 2028 800 2099 litteris,
819 2044 849 2087 et
869 2028 907 2087 ad
928 2027 1135 2088 molliendum
1158 2028 1212 2087 do·

167 2118 265 2178 locem
275 2120 427 2200 scripsisse
440 2118 574 2197 reliquos
589 2118 766 2177 fabularum
781 2119 877 2177 libros
890 2120 942 2195 (5).

208 2210 331 2290 Scripsit
352 2206 498 2265 Plucdrus
519 2208 654 2266 versibus
675 2208 801 2266 senariis
820 2207 999 2267 fabularum
1016 2208 1212 2289 AEsopiarum

166 2296 263 2355 libros
280 2298 316 2353 V.
337 2294 392 2352 Sed
413 2293 451 2352 de
469 2306 557 2352 aetate
576 2315 637 2374 qua
653 2295 746 2368 vixit,
758 2310 788 2354 et
799 2295 838 2355 de
849 2311 986 2377 ternpore
1000 2316 1063 2379 quo
1077 2296 1213 2355 exaravit

167 2386 306 2456 fabulas,
324 2403 388 2440 non
409 2403 471 2440 una
490 2398 534 2441 cst
550 2384 687 2442 virorum
703 2382 951 2443 doctissimorum
972 2385 1132 2445 sententia.
1150 2386 1212 2445 Gu-

165 2471 234 2530 dius
251 2482 371 2528 atatem
389 2468 454 2549 ejus
471 2471 510 2530 ad
522 2472 635 2531 'liberii
650 2473 858 2555 principatum
875 2472 1081 2548 referendam,
1096 2474 1212 2555 ipsum·

166 2578 226 2639 que
239 2557 362 2617 Valerio
377 2560 514 2619 Maximo
536 2560 665 2643 aliisque
678 2560 743 2643 ejus
764 2565 821 2623 teri
842 2563 1042 2647 scriptoribus
1060 2562 1212 2642 aequalem

113 2719 119 2727 Ι
162 2646 257 2706 fuisse
279 2650 421 2707 censebat
441 2652 490 2727 (li).
513 2652 714 2711 Existimabat
733 2668 836 2712 autem
857 2651 911 2710 has
932 2651 1061 2711 fabellas
1083 2652 1211 2711 demum

161 2750 233 2817 post
245 2736 359 2795 Tiberii
372 2754 503 2797 mortem
514 2740 631 2822 publici
640 2740 716 2820 juris
729 2740 823 2801 lactas
832 2742 886 2821 (7);
897 2760 995 2821 quum
1009 2760 1076 2799 non
1087 2760 1163 2800 vero
1175 2739 1214 2799 si·

161 2821 235 2881 anile
243 2822 384 2884 videatur
393 2826 482 2887 illum
495 2849 604 2887 ausum
615 2828 707 2889 luisse
719 2830 833 2889 fabulis
844 2829 906 2887 suis
918 2828 1213 2908 uirenteruimpera·¹

159 2926 259 2972 torem
273 2915 459 2991 immiscere,
471 2921 556 2999 quod
571 2941 663 3000 quatu
680 2920 857 3003 periculosas
869 2919 943 2979 alcae
958 2938 1037 3001 opus
1045 2933 1139 2990 esset,
1150 2916 1211 2976 alia

160 2996 225 3077 ejus
238 3002 586 3080 ternporisurouimcuta
600 3007 627 3065 ei
640 3008 773 3088 probare
784 3006 984 3079 videbantur3
998 3005 1112 3065 deinde
1125 3002 1210 3085 quod

162 3083 302 3161 fabulam
321 3088 360 3146 ‹le
376 3091 467 3148 llanis
480 3112 581 3172 regem
594 3094 784 3173 petentibus,
796 3106 826 3151 et
837 3114 855 3150 a
867 3094 943 3151 Jove
955 3090 1091 3173 hydrum
1102 3110 1213 3150 conse·

161 3173 252 3245 cutis,
269 3175 418 3256 Caligulae
430 3194 569 3261 tempora
585 3182 730 3261 respicere
748 3182 892 3261 putabat3
909 3201 982 3239 narn
995 3179 1156 3239 'liberium
1171 3177 1212 3237 de

160 3259 316 3341 Caligula,
338 3285 507 3325 successore
525 3289 599 3341 suo,
621 3266 721 3327 dicere
737 3268 863 3328 solitum
875 3292 882 3325 z
892 3270 989 3327 Exilia
1000 3288 1051 3325 suo
1065 3269 1209 3339 oturtietut-

159 3366 215 3428 que
224 3346 326 3432 (lepram
340 3356 431 3413 viuere
438 3380 448 3426 ,·
458 3368 485 3414 el
506 3358 686 3416 satiatricem
696 3356 801 3437 populo
811 3376 934 3415 matario
944 3353 1133 3413 Phaetonteas
1143 3352 1208 3429 orbi

158 3444 298 3525 terrarum
312 3439 445 3515 educare,
457 3457 531 3503 teste
542 3446 684 3506 Suetonio
693 3445 742 3523 (8).
755 3445 892 3525 Speciem
900 3443 1017 3517 liabent
1029 3456 1213 3523 argumenta

186 3618 227 3691 (t)
253 3624 352 3693 Capitis
376 3628 522 3697 periculum
546 3634 656 3703 vitaeque
735 3630 775 3698 (3)
786 3630 926 3693 ¹lnnalimn
937 3628 1144 3698 libron,capit
1166 3644 1204 3695 ¹9·

151 3699 290 3753 discrimen
303 3704 426 3770 subiisse,
438 3710 544 3777 conjicit
556 3709 656 3760 Desbil-
733 3709 773 3777 (4)
783 3708 841 3759 Vitl.
854 3708 979 3761 scheller.
990 3710 1017 3760 in
1024 3710 1085 3758 Vita
1096 3706 1204 3759 Phaedri.

151 3776 237 3830 lonius
247 3781 321 3851 Disp.
334 3786 377 3835 cit.
391 3788 531 3854 papvffl,
543 3806 574 3845 eir
587 3786 652 3857 Epil.
686 3848 694 3863 Ι
733 3788 774 3857 (5)
785 3788 852 3840 Prol.
866 3788 910 3839 lib.
923 3790 970 3851 ΙΙΙ,
983 3788 1046 3852 (ι...
1058 3786 1102 3852 44.

149 3861 198 3925 ΙΙΙ,
216 3879 277 3913 ao...
296 3864 337 3913 26.
353 3864 440 3931 (Alias
456 3866 500 3917 lib.
517 3870 559 3929 lV,
571 3869 653 3933 XXV,
734 3866 773 3936 (6)
788 3869 951 3917 Burmannus
963 3867 989 3915 in
1000 3865 1073 3915 Pras.
1088 3864 1123 3917 ad
1134 3866 1199 3917 Eis..

151 3954 211 3990 ao...
231 3941 290 4010 26.)
305 3943 334 3991 lu
346 3942 451 3993 vincula
462 3944 569 4015 publica
581 3945 653 3995 rhae-
698 3944 799 3995 l‘ltardri
811 3963 871 3996 ann.
888 3946 952 4013 1698
964 3957 990 3995 et
1006 3946 1081 4012 1718.

148 4019 225 4075 druia
234 4024 385 4091 conjectum
396 4024 490 4090 luisse,
500 4026 569 4077 forte
581 4024 654 4077 colli-
731 4024 772 4095 (7)
781 4026 823 4077 Sic
835 4044 941 4097 quoque
953 4027 1038 4077 risum
1049 4022 1164 4095 lliqaltio
1177 4034 1203 4074 et

147 4100 175 4167 pi
192 4114 281 4171 potest
298 4120 313 4153 e
331 4098 377 4151 lib.
395 4103 444 4169 ΙΙΙ,
463 4102 650 4168 1x‚34;c011.
699 4106 827 4156 Fabricio.

148 4178 215 4251 Epil.
228 4184 276 4249 lll,
293 4184 324 4243 (5
337 4200 394 4255 sqq.
730 4184 770 4252 (8)
786 4183 868 4253 Calig.
887 4204 944 4255 cap.
962 4187 1012 4245 xl;
1025 4188 1072 4237 Per
1086 4183 1202 4256 ltpalrmn

181 4256 361 4331 (a)'l'iberitts,
375 4280 434 4333 rap.
447 4261 490 4331 (9.
557 4320 570 4327 Ι,
676 4272 679 4281 ·
696 4282 711 4311 a
723 4262 829 4313 Pha-dra
838 4262 867 4329 C
876 4261 1022 4334 Caligulam
1035 4266 1206 4331 notarie-ou·
