2820 5018
190 520 250 596 244
354 511 417 574 DE
438 502 789 573 SCRIPTORIBUS
811 503 1068 568 PHAEDRUM

615 657 686 695 CAP.
703 653 798 693 cxlv·

226 788 271 846 De
282 780 393 842 fabulis
405 773 481 833 fictis
493 783 598 830 contra
610 767 812 826 calumniosos
821 778 850 824 et
860 763 1029 826 insidiosos.
1040 765 1227 844 Qualasum

185 890 215 934 et
229 868 360 932 morales
373 860 474 941 AEsopi
487 855 616 929 fabulor,
628 852 804 935 dequibus,
820 852 949 934 exempli
960 874 1084 929 caussa,
1099 856 1225 917 nonnul.

186 963 230 1021 las
244 958 300 1018 boc
315 957 347 1014 in
362 952 430 1011 ioco
448 945 561 1029 placuit
575 943 705 1000 breviter
721 940 860 999 inserere.
878 941 956 998 Nam
969 941 1027 1000 etsi
1044 941 1174 1023 legenti,
1186 943 1224 1004 vd

185 1048 322 1109 audienti
337 1043 482 1101 misceant
501 1035 611 1104 risum,
627 1040 742 1089 acuunt
757 1041 861 1087 mmen
874 1029 1045 1108 ingenium
1059 1032 1154 1092 Verbi
1166 1054 1222 1115 gn·

185 1139 225 1198 tia
239 1147 345 1195 contra
359 1124 561 1190 calumniosos
575 1118 715 1200 fingitur,
730 1118 812 1199 quod
829 1137 926 1199 agnus
942 1131 972 1177 et
988 1118 1084 1201 lupus
1100 1122 1223 1182 sitientes

185 1227 224 1286 ad
239 1223 369 1283 rivolum
389 1215 537 1275 ediverso
553 1221 712 1268 venerunt.
728 1209 855 1267 Sursum
869 1205 994 1266 bibebat
1009 1207 1120 1290 lupus,
1136 1210 1223 1293 longo

185 1333 245 1396 que
264 1306 392 1369 inferior
410 1319 516 1382 agnus.
538 1298 642 1378 Lupus
662 1308 696 1353 ut
717 1315 833 1376 agnum
851 1293 940 1369 vidit,
959 1295 1002 1355 sic
1021 1296 1084 1355 ait:
1105 1299 1221 1359 mrbasti

186 1399 261 1462 mihi
283 1414 396 1477 aquam
416 1387 543 1448 bibenti.
567 1388 670 1465 Agnus
690 1385 808 1464 patiens
828 1382 921 1441 dixit:
939 1382 1110 1459 Quomodo
1122 1407 1221 1467 aquarn

185 1488 307 1552 turbavi
319 1483 393 1545 tibi?
406 1503 424 1540 a
436 1495 465 1539 te
476 1477 513 1537 ad
527 1497 576 1535 me
588 1475 729 1535 decurrit
740 1474 797 1533 Cui
809 1473 916 1554 lupus:
929 1485 959 1532 et
970 1472 1132 1537 maledicis
1142 1476 1219 1549 mibi,

186 1577 294 1661 inquit.
320 1576 357 1632 At
382 1569 449 1629 ille:
475 1568 543 1626 Non
567 1562 725 1636 maledixi3
754 1562 845 1643 lupus
869 1583 958 1622 vero:
985 1565 1094 1641 Pater,
1117 1570 1216 1652 inquit,

184 1681 255 1727 tuus
270 1661 366 1722 muita
379 1656 460 1717 mala
476 1652 552 1713 mihi
569 1651 709 1712 ostendit.
725 1651 761 1709 ln
774 1649 836 1710 fine
850 1665 954 1710 autem
967 1652 1173 1718 altercationis
1180 1658 1216 1717 lu·

185 1776 242 1837 pus
263 1747 402 1831 improba
419 1763 492 1803 voce
509 1741 601 1800 dixit:
625 1741 664 1798 Et
686 1736 786 1799 adhuc
808 1736 885 1797 mibi
901 1739 1037 1821 loqueris
1053 1743 1153 1805 latro?
1172 1760 1215 1806 su·

185 1845 302 1922 timque
314 1841 345 1897 in
359 1855 429 1896 eum
443 1832 551 1892 direxit
563 1844 593 1891 et
605 1829 760 1888 innocenti
772 1829 869 1888 vitam
880 1830 1006 1911 eripuit

623 1992 695 2031 CAP.
714 1990 791 2029 CXV.

121 2094 125 2111 ¹
226 2109 361 2188 Quidam
373 2107 470 2180 canis,
483 2105 598 2165 flumen
612 2105 775 2176 transiens,
787 2113 907 2183 partem
918 2102 1021 2161 caruis
1032 2123 1089 2164 one
1100 2105 1213 2177 tenebat,

186 2201 271 2283 cujus
282 2199 427 2258 umbram
438 2217 536 2276 quum
550 2194 686 2266 vidisset,
699 2194 732 2252 in
749 2213 862 2274 aquam
877 2188 1020 2273 patefecit
1030 2212 1065 2253 os
1081 2215 1179 2270 suum,
1188 2207 1212 2253 nt

187 2290 272 2350 illam
288 2301 417 2368 caperet.
435 2285 540 2343 Statim
555 2304 636 2354 earn,
654 2303 749 2364 quam
766 2283 850 2363 prius
866 2279 1003 2354 tenebat,
1021 2281 1135 2345 fluvius
1146 2283 1212 2356 tuin,

187 2391 216 2438 et
229 2376 328 2446 illam,
340 2394 435 2453 quam
447 2372 503 2432 sub
518 2392 598 2450 aqua
609 2392 670 2430 esse
684 2371 825 2451 putabat,
837 2368 976 2429 obtinere
988 2389 1054 2430 non
1066 2374 1169 2453 potuit.
1179 2372 1214 2432 St

187 2462 324 2545 quisquis
337 2459 473 2518 alienum
485 2457 610 2537 quaerit,
623 2456 699 2514 dum
712 2456 782 2537 plus
793 2455 873 2529 vult,
888 2476 980 2514 suum
992 2457 1105 2537 perdit.

227 2552 342 2607 Contra
354 2546 489 2626 gulosos,
504 2545 558 2624 qui
569 2545 608 2602 ad
622 2565 719 2602 uuum
733 2544 897 2625 prandium
911 2565 975 2603 rem
987 2566 1076 2606 suani
1090 2547 1215 2630 perdunt,

187 2636 244 2697 hoc
258 2656 380 2716 quoque
394 2635 561 2713 componit.

228 2727 404 2784 Nocturnus
414 2721 541 2804 quidam
557 2721 608 2780 fur
621 2743 718 2803 quum
735 2722 802 2781 cani
819 2742 928 2802 panem
942 2723 1136 2800 immitteret,
1150 2725 1217 2785 cauis

188 2815 247 2873 ait:
261 2812 350 2871 Panis
363 2824 433 2869 tuus
446 2831 509 2868 non
522 2831 577 2890 pro
589 2812 685 2890 gratia
700 2810 806 2869 datur:
819 2824 852 2868 tu
867 2809 934 2869 ideo
946 2809 1014 2886 das,
1027 2826 1065 2872 ut
1076 2835 1125 2874 me
1134 2812 1217 2874 laedas

189 2901 218 2960 Si
237 2898 328 2958 modo
349 2896 424 2956 mihi
445 2918 554 2979 panem
576 2899 727 2979 porrigas,
747 2918 823 2956 num
842 2897 916 2976 quid
935 2913 1038 2979 postea
1060 2901 1181 2961 daturus
1195 2918 1218 2958 es

189 2989 279 3064 mihi,
292 3010 389 3071 quum
406 2988 487 3047 fame
502 2989 598 3046 victus
611 2987 716 3046 fuero?
734 3008 795 3045 non
809 3001 990 3068 praesentem
1001 3004 1125 3051 tanturn
1139 2992 1216 3050 vitam

190 3078 275 3153 volo,
298 3076 349 3137 sed
371 3075 509 3135 futuram
530 3075 692 3157 praevideo.
715 3074 794 3134 Nolo
818 3075 910 3155 igitur
931 3074 1034 3135 fauces
1055 3099 1136 3138 meas
1155 3095 1218 3160 pant

189 3168 327 3238 claudas,
345 3166 395 3225 scd
413 3168 470 3225 nisi
488 3167 653 3237 recesseris,
671 3166 733 3246 ipse
749 3179 854 3222 contra
871 3177 899 3224 te
914 3164 1049 3240 latrabo,
1072 3168 1218 3227 dominum

189 3280 222 3316 ac
236 3257 382 3316 familiam
395 3257 562 3327 suscitabo,
575 3255 735 3334 furemque
749 3253 809 3313 iliis
822 3256 983 3314 nuntiabo.

617 3421 689 3458 CAP.
708 3420 802 3458 CXVI.

227 3530 303 3588 item
321 3546 427 3591 contra
444 3535 525 3608 illos,
544 3537 597 3615 qui
614 3536 709 3594 malos
724 3535 844 3594 incaute
853 3535 978 3615 juvant,
994 3533 1135 3595 fabulam
1148 3552 1219 3594 oum·

188 3619 290 3699 ponit,
308 3619 427 3679 dicens:
446 3624 520 3681 Ossa
536 3624 611 3683 dum
629 3625 718 3707 lupus
734 3624 873 3697 devorat,
890 3644 991 3682 unum
1006 3644 1044 3682 ex
1060 3623 1120 3683 illis
1133 3634 1220 3683 trane

186 3730 306 3768 versum
326 3713 457 3791 graviter
476 3714 507 3771 in
527 3713 666 3774 faucibus
684 3715 779 3775 haesit.
797 3717 901 3796 Lupus
921 3735 1035 3795 magno
1052 3715 1163 3796 pretio,
1175 3711 1220 3794 qui

186 3794 242 3856 hoc
257 3796 373 3856 malum
390 3798 570 3874 extraheret,
590 3803 738 3862 invitavit.
757 3804 932 3884 Rogabatur
947 3824 1020 3883 grus
1034 3804 1114 3863 collo
1127 3802 1222 3883 longo,

186 3898 219 3943 ut
232 3885 411 3945 medicinam
426 3903 579 3968 praestaret
593 3890 676 3972 lupo.
691 3892 725 3951 ld
738 3893 811 3972 egit,
825 3906 858 3950 ut
870 3907 962 3973 caput
972 3891 1122 3966 mitteret,
1134 3905 1222 3951 etme-

184 3972 248 4030 lum
266 3972 303 4030 de
321 3973 459 4033 faucibus
472 3976 647 4037 extraheret.
661 3981 773 4038 &atrato
786 3981 876 4062 lupo,
894 4001 965 4061 grus
979 3979 1067 4038 reddi
1082 3980 1221 4061 promissi

183 4062 309 4143 praemia
323 4065 421 4144 petiit,
439 4081 466 4124 et
483 4066 572 4148 lupus
588 4071 645 4126 ait:
662 4071 690 4127 Ο
703 4070 812 4150 injuria
828 4071 901 4129 meis
913 4069 1095 4129 virtutibus!
1112 4071 1222 4150 ingrata

182 4164 225 4207 est
241 4148 292 4207 illa
306 4171 392 4229 grus,
410 4173 478 4232 quae
491 4169 581 4235 caput
594 4156 755 4215 incolumis
769 4157 890 4229 extulit,
905 4177 970 4217 non
983 4171 1130 4216 vexatum
1142 4157 1225 4217 dente

181 4249 300 4312 nostro,
312 4250 341 4297 et
351 4240 520 4301 mercedem
532 4240 588 4302 sibi
600 4242 742 4323 postulat.
