2820 5018
495 480 586 544 nte.
612 480 920 559 11‚FAB.V111.
1165 479 1228 569 475

489 685 746 781 FABULA
776 687 917 782 VIII.

521 896 669 949 CERVUS
687 900 735 949 ΕΤ
754 900 877 952 BOVES

183 1070 321 1149 CervuS,
335 1076 516 1138 nemorosis
530 1076 687 1140 excitatus
699 1075 859 1153 latibulo,

183 1178 229 1241 Ut
240 1196 434 1244 venatorum
447 1181 576 1268 fugeret
589 1184 765 1247 instantem
780 1205 909 1261 necem,

182 1354 272 1415 flendus
287 1358 370 1403 eodem
385 1361 455 1404 modo
468 1360 547 1422 loqui?
561 1365 595 1408 De
615 1362 700 1425 quibus
718 1363 825 1409 omnibus
844 1375 867 1407 et
882 1360 930 1406 aliis
945 1363 1090 1406 Burmannus
1107 1362 1130 1405 in
1144 1374 1169 1405 re
1188 1372 1234 1406 tum

181 1423 226 1470 levi
235 1427 298 1487 justo
311 1428 384 1473 fusius
397 1442 475 1474 contra
489 1430 587 1491 cinglum
599 1432 707 1492 disputat.

217 1510 236 1539 t.
253 1499 380 1542 mmmrosis.
395 1499 452 1543 Cod.
467 1499 553 1545 Pet-ott.
566 1516 690 1546 nentontm.
704 1525 735 1536 -
750 1517 771 1546 n.
787 1503 820 1546 Ut
834 1508 971 1545 venatorum.
986 1497 1114 1552 Rentleius,
1129 1499 1166 1542 eui
1180 1495 1235 1542 ridi·

181 1565 261 1610 culum
270 1569 404 1626 videbatur,
417 1587 491 1615 necem
504 1580 638 1616 venatorum
648 1573 705 1626 dici,
719 1585 742 1617 et
754 1574 807 1633 quin
818 1574 927 1615 excitatus
938 1571 1022 1616 dicitur
1032 1585 1126 1621 cervus,
1136 1585 1180 1613 nee
1189 1566 1235 1612 ad·

182 1634 245 1680 ditur
256 1654 268 1680 a
281 1656 342 1701 quo,
356 1639 409 1699 legit
420 1658 426 1685 τ
438 1645 550 1689 excitatus
565 1642 664 1688 latibulis
677 1646 699 1687 A
712 1652 829 1696 venatore,
842 1651 869 1686 ut
876 1642 900 1703 f.
917 1646 932 1686 i.
946 1659 968 1685 n.
984 1641 1039 1695 Alii,
1053 1642 1092 1701 qui
1103 1638 1182 1684 itidem
1194 1639 1235 1683 of-

182 1704 313 1753 fenduntur
325 1709 423 1756 lectione
440 1723 571 1759 venatorum
587 1717 720 1769 instantem,
736 1712 779 1758 alia
796 1724 891 1758 tentant.
910 1714 992 1756 ilarius
1008 1711 1099 1770 corrigit
1113 1713 1237 1753 instantem

180 1791 272 1830 neeem;
287 1781 406 1835 Heinsius,
420 1792 546 1828 venatorem
552 1785 645 1847 fiiperet
656 1787 775 1828 instantem
789 1787 851 1837 neci,
863 1782 912 1838 vel,
927 1791 1043 1827 venatores
1056 1784 1163 1824 instantes
1176 1781 1236 1833 neci,

180 1846 229 1899 vel,
242 1859 348 1896 venatore
353 1851 448 1914 superet
458 1858 552 1899 instanti
562 1871 646 1901 necem.
659 1855 703 1900 Sed
716 1855 792 1898 omnia
803 1868 873 1908 vana,
884 1851 961 1914 paullo
972 1852 1045 1895 fusius
1056 1848 1169 1910 probante
1178 1849 1237 1890 Bur·

181 1931 280 1972 manno,
294 1936 366 1981 quum
376 1922 471 1968 dubium
481 1941 531 1970 esic
542 1941 590 1970 non
599 1928 684 1987 possit,
695 1942 707 1968 a
718 1924 802 1986 quibus
813 1926 922 1968 excitatus
932 1925 960 1967 sit
970 1937 1064 1974 cervus,
1078 1932 1100 1963 et
1110 1917 1179 1963 lectio
1190 1915 1237 1983 vul-

182 1998 234 2048 geta
248 1988 307 2033 bene
322 2007 347 2035 se
360 1991 456 2046 babeat,
469 1994 610 2056 defendique
625 1998 696 2056 possit
708 1993 785 2039 multis
795 2005 902 2038 veterum
914 2005 1036 2037 suetorum
1049 1987 1164 2048 exemplis.
1177 1984 1236 2029 Vide

181 2060 243 2104 enim
254 2063 325 2108 Notas
338 2077 361 2108 et
375 2082 433 2126 quos
446 2067 524 2113 laudnt
538 2071 689 2113 Burmannus.
702 2067 790 2112 Deinde
804 2083 817 2111 e
829 2067 905 2111 verbis
919 2064 1009 2110 Romuli
1023 2064 1113 2108 Divion.
1127 2067 1153 2103 ut
1162 2073 1233 2103 vena-

181 2139 240 2176 tores
252 2135 366 2190 evaderrt,
376 2150 452 2198 patet,
463 2152 574 2194 mortem,
585 2157 599 2185 n
608 2140 756 2186 venatoribus
766 2140 901 2192 instantem,
913 2152 962 2181 esse
973 2132 1158 2194 intelligendam,
1169 2128 1235 2190 quod

179 2201 228 2262 jam
238 2203 291 2249 olim
301 2210 387 2252 notovit
397 2211 548 2256 Burmannus.
560 2213 666 2273 Denique
676 2227 748 2273 quum
758 2206 859 2268 exemplu
868 2242 874 2260 ,
884 2210 906 2250 in
917 2209 982 2251 Notis
991 2207 1020 2251 sd
1030 2220 1052 2248 v.
1067 2219 1078 2248 2
1088 2237 1094 2256 ,
1106 2200 1234 2263 producta,

181 2281 205 2321 et
219 2272 296 2318 sirvilia
314 2276 428 2337 probent,
446 2281 543 2325 verbum
559 2284 643 2326 instare
659 2283 687 2327 dc
706 2281 810 2341 proxime
825 2275 996 2322 imminentibus
1015 2274 1098 2335 passim
1114 2271 1172 2327 dici,
1189 2268 1235 2314 boc

183 2413 234 2479 24:
249 2419 315 2486 «qui
327 2435 435 2487 magnas
449 2439 513 2490 opes
528 2439 684 2491 exaggerare
724 2437 776 2470 ras.
788 2443 799 2466 ι
812 2420 915 2470 Patron.
929 2416 1051 2467 CXXXI:
1068 2412 1147 2464 «aliis
1158 2411 1232 2482 lepo-

183 2495 302 2562 quaerit.·
315 2495 365 2548 Sed
375 2496 400 2548 h.
412 2497 427 2549 l.
439 2518 538 2569 magnae
548 2519 613 2571 opes
623 2514 685 2552 sunt
724 2517 779 2550 rem
790 2499 917 2561 excitavi,
928 2519 939 2540 n
956 2493 989 2546 ad
1005 2513 1082 2565 quem
1094 2492 1182 2543 locum
1193 2493 1232 2541 vi·

182 2572 357 2643 peropulenti.
725 2579 759 2630 de
773 2581 842 2631 viros
855 2578 949 2629 doctos
966 2577 993 2625 in
1005 2574 1074 2627 Edit.
1091 2574 1231 2624 Burmann.

217 2651 276 2702 Haec
288 2653 377 2704 fabuia
389 2653 466 2725 longe
478 2657 683 2728 elegantissima,
726 2656 800 2708 Adde
815 2658 905 2710 Senec.
921 2657 948 2708 in
960 2654 1067 2724 Hippoi.
1083 2671 1149 2703 vers.
1167 2669 1231 2702 tto:

181 2747 260 2798 qnam
275 2732 347 2802 apud
365 2735 517 2806 Anonymos
530 2735 639 2787 Nilantii
659 2750 684 2787 et
727 2738 820 2806 «juvat
830 2738 954 2787 excitatas
966 2734 1093 2804 consequi
1105 2750 1183 2783 cursu
1196 2731 1233 2781 fe-

179 2808 310 2873 Neveleti,
325 2830 373 2862 nee
388 2831 441 2862 non
453 2815 580 2886 AEsopnm
593 2826 619 2865 et
631 2816 684 2865 Ro·
725 2835 780 2881 ras,
792 2829 802 2862 t
815 2818 860 2887 qui
874 2814 948 2866 iocus
961 2813 1095 2866 Schcffero
1108 2810 1232 2875 debetur,

180 2886 282 2937 mulum
295 2890 389 2939 frustra
404 2910 519 2961 quaeras,
534 2907 684 2945 narratura
724 2908 750 2945 et
762 2895 845 2946 Cicer.
862 2894 917 2945 Off.
932 2894 981 2957 111,
997 2908 1036 2962 t7.
1052 2919 1087 2929 -
1102 2887 1232 2952 latibulis,

179 2968 310 3018 Fontanio
321 2968 364 3020 lib.
376 2973 400 3034 f,
411 2970 464 3021 fab.
474 2973 541 3023 xlv.
553 2975 684 3025 inventio·
724 2974 769 3026 lib.
780 2977 817 3039 ΙΙ,
829 2973 882 3025 feb.
895 2974 938 3037 W,
955 2989 1000 3035 ta,
1012 2971 1077 3021 dixit
1089 2966 1186 3030 cubile,
1198 2967 1231 3018 de

179 3064 241 3096 nem
256 3045 350 3099 fabulae
368 3048 458 3100 iaudat
474 3050 535 3102 clar.
549 3054 643 3105 Jacobs
657 3056 684 3104 in
724 3071 779 3105 sne.
794 3053 863 3104 Clar.
879 3053 1031 3103 Hartmann.
1047 3067 1061 3098 e
1074 3049 1150 3098 Lnur.
1162 3046 1228 3096 vall.

178 3125 328 3179 Observatt.
344 3128 377 3179 nd
390 3127 490 3179 Phaedri
502 3130 613 3183 fabulas.
623 3131 681 3183 vid.
723 3133 842 3203 Elegant.
853 3131 898 3182 bb.
910 3133 1022 3200 fV,·cap.
1035 3147 1082 3199 79,
1093 3140 1181 3192 notat,
1193 3125 1233 3178 la·

177 3206 329 3278 Nachtriiqe
338 3227 369 3258 zu
377 3208 479 3260 Sulzers
488 3207 610 3276 Tbeorie,
620 3224 681 3263 tom.
725 3215 804 3265 tebras
817 3211 954 3263 hominum
968 3212 1076 3280 proprie
1090 3207 1155 3273 dici,
1170 3207 1232 3257 lati·

179 3289 228 3352 Vl,
239 3289 266 3339 P·
277 3291 301 3354 l,
311 3308 337 3359 p-
350 3305 392 3359 7²-
724 3292 785 3346 bula
798 3295 926 3354 ferarum
940 3304 966 3342 at
980 3309 1034 3341 non
1048 3289 1147 3359 ubique
1161 3286 1230 3339 hanc

213 3369 313 3420 Fannia
333 3371 398 3421 vttl.
428 3371 520 3422 cerum
544 3381 571 3422 et
593 3371 681 3425 vaes.
723 3372 899 3423 differentiam
915 3369 1063 3434 observari,
1078 3367 1122 3418 lib.
1138 3371 1162 3432 1,
1177 3367 1232 3419 fab.

177 3478 214 3488 —
231 3468 252 3502 t.
274 3451 412 3518 excitatus,
433 3449 533 3505 scilieet
546 3471 561 3504 a
574 3453 682 3507 canibus
723 3454 811 3519 XXX,
823 3470 853 3521 9,
868 3452 932 3503 dixit
949 3450 1075 3523 «paludis
1089 3451 1116 3500 in
1131 3462 1232 3501 secreta

177 3531 316 3595 venaticis,
328 3528 682 3601 nonabipsovenstore,ut
722 3536 809 3586 veniet
824 3533 950 3595 latibula;
964 3556 975 3578 v
991 3532 1038 3584 sed
1055 3531 1126 3603 apud
1145 3531 1229 3585 Cicer.

177 3605 252 3678 fingit
267 3608 409 3661 Bentleius.
427 3611 559 3662 Excitatus
579 3612 682 3664 enimn
721 3614 807 3666 flacc.
832 3615 884 3665 13:
910 3639 921 3660 a
934 3613 1043 3665 latibula
1065 3612 1231 3663 occultorum

178 3687 288 3740 canibus
301 3689 368 3741 feras
384 3702 531 3761 sequuntur
548 3702 574 3741 et
592 3691 622 3741 iis
641 3692 682 3743 in·
721 3695 855 3763 locorum,
873 3720 883 3742 ι
904 3709 1049 3767 usurpatur
1064 3693 1097 3744 de
1115 3692 1230 3744 homini-

178 3780 248 3819 stant
258 3783 402 3823 venatores.
416 3771 463 3821 Est
475 3784 562 3824 autem
572 3772 681 3825 verbnm
720 3775 779 3828 bus.
791 3778 865 3829 Vers.
885 3794 906 3827 t.
922 3775 960 3826 Gi.
975 3773 1079 3835 Sottler.
1096 3769 1209 3823 reddidit
1222 3792 1228 3822 i

178 3845 212 3900 ad
226 3851 376 3902 venationes
390 3853 536 3921 pertinens,
550 3852 600 3905 vid.
616 3854 681 3907 Bur·
720 3855 872 3906 Einlfirscb
880 3875 943 3920 ,aus
951 3855 1009 3906 dem
1020 3849 1228 3904 bebuscbtenla-

177 3944 267 3978 mann.
283 3930 327 3999 qui
339 3928 429 3981 laudat
446 3932 535 3985 Senee.
551 3932 584 3984 de
598 3933 679 3985 Clem.
718 3954 765 4008 qer
776 3935 985 4011 aufqeseltrecltt,
1002 3952 1050 4004 pro
1066 3950 1119 4002 quo
1136 3929 1228 3983 Gerilre

176 4009 202 4072 l,
219 4005 258 4058 16.
274 4006 365 4059 aldem
377 4011 439 4062 facit
450 4025 571 4075 venator,
584 4014 628 4082 qni
640 4013 681 4063 in-
722 4012 818 4080 habet,
829 4012 1040 4088 aufqescbeucltt.

176 4089 262 4138 stituit
272 4085 387 4151 catulos,
398 4091 507 4160 vestigia
520 4091 607 4160 sequi,
622 4093 681 4164 qui-
759 4112 782 4147 α,
801 4107 952 4146 venatorum
967 4109 1070 4156 necem,
1086 4093 1102 4139 i.
1119 4109 1141 4140 e.
1159 4107 1228 4139 mon

178 4188 231 4241 que
237 4171 292 4239 jem
302 4171 447 4222 exercitatis
456 4169 591 4239 (canibus)
600 4175 681 4223 utitur
721 4186 773 4224 tem
781 4191 796 4223 a
804 4171 973 4224 venatoribus
983 4168 1151 4222 inferendam.
1160 4166 1227 4219 Mul-

177 4248 211 4301 ad
224 4245 373 4303 excitandas
384 4246 425 4301 vel
436 4249 631 4321 persequendas
642 4253 681 4303 fe·
721 4265 748 4305 ta
764 4256 833 4306 enirn
849 4254 958 4304 nomina
975 4253 1085 4303 activam
1102 4263 1127 4300 et
1143 4251 1226 4320 passi·
