2820 5018
407 456 713 521 orsru'rarro
736 458 762 522 1.
1042 473 1101 539 ,6,

59 596 218 681 aspernari
230 594 278 656 liis
289 596 483 679 potissimum
498 594 686 677 temporibus
698 610 871 679 coeperunt3
883 605 967 682 quod
982 609 1106 694 Imperii

59 687 185 746 clarum
199 685 334 745 deserere
346 683 513 758 videretur,
524 697 554 744 et
568 686 697 764 ignavus
709 686 885 766 Caprearum
895 692 937 771 (r)
950 697 984 754 in
991 719 1060 781 rupe
1069 713 1108 764 se-

59 775 150 846 deret,
174 785 266 852 aupue
284 774 432 831 otiaretur
453 784 555 831 tutore
573 769 692 851 Sejano.
713 774 800 833 Tunc
819 779 928 854 etiam,
948 797 982 843 ut
1002 790 1107 869 prodit

59 863 184 920 Tacitus
193 862 248 942 (a),
263 858 441 920 contumelioe
458 860 489 918 r'n
503 880 568 919 eum
584 857 685 918 dictoe:
700 861 797 920 immo
812 867 954 927 nuntiata
965 870 1023 953 ipsi
1034 887 1107 958 pro.

61 948 135 1020 bra,
154 945 258 1026 quibus
273 968 327 1028 per
340 944 484 1006 occultam
500 944 681 1006 lacerabatur
686 970 697 1019 ,·
717 960 747 1006 et
755 948 846 1030 fluxa
860 957 938 1014 senio
958 980 1040 1021 mem
1053 966 1108 1025 ali.

61 1049 182 1116 quanto
197 1049 267 1117 post
279 1057 301 1093 a
313 1032 446 1097 Fulcinio
460 1037 563 1093 Trione
576 1030 694 1117 objectu
709 1035 765 1096 llle
779 1050 897 1115 tamen,
909 1055 1109 1124 quantumvis

60 1123 161 1183 factus
181 1123 274 1184 fuerit
293 1125 422 1204 ignavus
440 1139 470 1182 et
487 1121 598 1197 futilis,
617 1121 748 1183 crudelis
766 1146 829 1185 esse
847 1148 912 1189 non
932 1132 1059 1212 destitit3
1079 1157 1110 1202 at

62 1209 225 1286 Pbaedrus,
240 1214 353 1273 omissa
367 1211 559 1286 crudelitate,
571 1211 670 1273 solam
684 1211 749 1294 ejus
761 1215 959 1280 inutilitatem
974 1223 1110 1291 deridere

64 1301 173 1360 voluit.

103 1389 211 1450 Plures
225 1390 316 1463 alios,
330 1404 364 1449 ut
372 1391 438 1472 jam
451 1391 711 1474 praemonuimus,
726 1393 840 1453 Auctor
854 1411 958 1458 noster
972 1402 1109 1468 offende-

65 1494 124 1539 rat:
138 1478 224 1560 quod
233 1495 263 1539 et
273 1482 345 1562 ipse,
355 1502 452 1563 quum
462 1482 553 1540 variis
564 1481 595 1540 in
606 1481 691 1556 locis,
700 1495 765 1541 tum
776 1489 943 1563 praesertim
955 1492 986 1550 in
996 1492 1110 1559 fabella

63 1590 120 1628 sua
132 1569 241 1628 ultima
257 1569 295 1629 ad
310 1568 465 1630 Philetum
478 1570 516 1629 de
529 1571 612 1630 Cane
628 1586 657 1631 et
671 1573 824 1633 venatore
841 1577 1012 1656 significare
1026 1588 1110 1649 vide.

63 1671 131 1716 tur:
143 1657 243 1716 verius
253 1658 337 1716 enim
346 1657 531 1717 adumbrare
542 1659 711 1730 neminem,
720 1680 814 1740 quam
825 1664 987 1727 Auctorem
999 1673 1112 1755 ipsum,

64 1749 169 1829 potuit
186 1749 278 1807 Canis
297 1747 348 1807 ille
364 1749 531 1822 venaticus,
547 1747 634 1808 fortis
651 1747 727 1806 olim
740 1749 882 1812 adversus
897 1776 1004 1819 omnes
1017 1761 1111 1844 feras,

64 1854 151 1893 nunc
164 1824 397 1915 ingravantibus
411 1837 500 1894 aunis
513 1834 703 1908 debilitatus,
718 1849 753 1894 ut
768 1838 836 1916 qui,
848 1842 982 1920 praedam
999 1850 1022 1906 si
1039 1854 1113 1910 arri.
1182 1882 1188 1899 1

63 1924 182 2005 puerit,
201 1921 344 1983 dentibus
362 1944 430 1982 eam
449 1923 574 1982 cariosis
595 1921 738 1981 dimittat.
759 1920 914 1986 Philetum
935 1930 1008 1991 dicit
1026 1935 1113 1998 Pbae·

66 2012 140 2072 drus
150 2011 278 2095 pulcbrc
288 2013 402 2088 videre,
414 2035 469 2073 cur
478 2010 537 2071 boc
549 2014 717 2094 scripserit;
730 2033 787 2072 nos
798 2027 828 2072 et
838 2016 952 2094 videre,
966 2024 998 2081 ni
1010 2023 1115 2105 fallor,

65 2105 181 2185 pariter
199 2124 379 2185 possumus:
399 2105 530 2162 Romam
549 2101 662 2162 scilicet
679 2101 819 2162 refertam
838 2107 967 2168 scelestis
979 2109 1115 2176 homini.

66 2192 140 2265 bus,
160 2212 214 2251 ceu
227 2194 377 2252 vivarium
393 2191 478 2267 feris,
498 2211 576 2275 saepe
591 2191 783 2251 incessiverat
795 2193 1010 2277 objurgatoriis
1024 2206 1116 2266 versi.
1172 2230 1177 2250 .

65 2281 141 2355 bus,
154 2295 185 2342 et
198 2284 401 2363 exagitaverat
412 2281 549 2342 fortiter:
565 2302 649 2341 nunc
661 2282 789 2354 seniori,
802 2285 1007 2370 gravibusque
1023 2294 1064 2352 ob
1083 2294 1116 2355 id

67 2372 169 2454 ipsum
185 2369 364 2431 infortuniis
378 2370 541 2447 mulctato,
554 2391 654 2453 neque
665 2372 743 2429 vires
755 2388 937 2455 suppetunt,
954 2399 1053 2461 neque
1066 2405 1115 2444 ea.

66 2458 137 2519 dem
149 2481 246 2543 porro
259 2459 371 2519 audere
384 2458 515 2542 expedit.

105 2548 214 2625 Quum
224 2545 373 2607 Phaedrus
384 2561 454 2629 post
466 2560 596 2606 mortem
607 2545 707 2626 Sejani
719 2548 862 2608 nondum
871 2568 973 2614 esseta
987 2559 1048 2617 suis
1058 2562 1116 2620 mi·

66 2639 151 2697 seriis
162 2637 338 2711 extricatus,
352 2636 391 2696 ad
403 2657 501 2696 unum
512 2637 600 2695 esuis
611 2636 767 2708 Patronis,
780 2658 864 2696 anno
875 2637 986 2701 tlhristi
999 2647 1117 2709 circiter

67 2724 181 2798 xxxi,
200 2724 366 2795 scribebat,
386 2723 440 2782 lib.
454 2724 505 2791 IV,
523 2721 601 2801 Epil.
618 2741 646 2778 v.
668 2723 717 2795 16,
735 2722 827 2803 longe
843 2726 958 2804 abesse,
979 2748 1013 2791 ut
1032 2733 1117 2795 fieret

66 2815 146 2871 senio
162 2808 270 2870 debilis.
289 2808 378 2868 Unde
393 2807 544 2889 conjicere
564 2808 648 2883 licet,
665 2811 800 2890 potuisse
817 2833 886 2871 eum
905 2813 993 2877 facile
1013 2842 1116 2901 perve-

68 2901 137 2958 nire
158 2896 196 2956 ad
212 2917 328 2956 annum
346 2896 468 2955 Claudii
484 2897 662 2978 imperantis
676 2900 815 2969 tertium3
828 2921 891 2980 quo
904 2925 988 2963 anno
1003 2911 1116 2969 Seneca

67 2986 189 3069 scripsit
204 2986 456 3047 Consolationem
465 2985 507 3065 (3)
528 2985 568 3044 ad
586 2986 768 3068 Polybium:
789 3004 860 3047 sunt
878 2993 961 3050 enim
979 3016 994 3052 a
1016 3011 1116 3059 morte

66 3077 168 3160 Sejeni
183 3075 222 3136 ad
236 3074 296 3136 boc
310 3097 404 3157 usque
415 3088 536 3157 tempus
548 3077 621 3134 anni
639 3097 704 3134 non
720 3077 852 3158 amplius
871 3079 1044 3145 duodecim.
1066 3089 1115 3147 ln·

65 3167 156 3226 terim
176 3179 295 3238 autem,
313 3164 368 3224 ubi
385 3184 416 3222 se
433 3185 470 3224 ex
487 3164 575 3223 omni
592 3163 729 3246 periculo
744 3180 882 3246 ereptum
899 3169 1023 3247 viderit,
1040 3176 1116 3256 quid

67 3258 172 3338 potius
185 3275 222 3313 ac
234 3254 343 3313 melius
355 3253 462 3314 debuit
476 3252 659 3328 consectari,
673 3275 767 3334 quam
779 3267 814 3313 ut
826 3256 858 3314 in
871 3258 936 3318 otio
948 3259 1030 3322 dulci
1042 3284 1116 3325 con·

66 3340 254 3404 senesceret?
271 3344 329 3401 Tot
340 3342 487 3400 aerumnis
502 3352 591 3399 antea
605 3341 812 3413 conflictatus,
831 3356 1010 3428 tantamque
1022 3352 1054 3410 in
1067 3373 1118 3413 cn.

67 3430 238 3492 lantitatem
251 3450 305 3512 per
316 3450 385 3489 suas
397 3425 525 3489 fabellas
536 3427 698 3503 deductus,
717 3450 757 3488 an
776 3428 814 3488 de
833 3429 892 3491 illis
909 3435 942 3493 in
957 3437 1115 3518 publicam

68 3520 169 3581 lucem
181 3517 356 3578 emittendis
369 3515 564 3598 cogitaverit?
575 3517 702 3590 Omnia,
716 3536 784 3598 quae
796 3518 890 3598 paulo
903 3535 974 3582 ante
983 3546 1117 3588 comme·

70 3610 274 3681 mutavimus,
288 3606 375 3666 aliter
388 3628 459 3667 eum
471 3608 609 3680 sensisse,
624 3608 694 3665 satis
709 3606 928 3669 demonstrant.

110 3698 182 3757 Jam
195 3696 298 3777 itaque
310 3693 486 3753 mirandum
500 3706 661 3776 tantopere
674 3709 809 3770 nonest,
827 3696 980 3781 Apologos
994 3700 1117 3766 Phaedri

72 3786 117 3847 vel
129 3787 250 3845 Seuecae
262 3782 354 3843 fuisse
367 3783 556 3862 incognitos3
571 3780 618 3840 vel
632 3781 774 3842 Senecam
788 3783 886 3864 loqui,
901 3799 1050 3869 tanquam
1065 3805 1116 3853 'eos

74 3874 204 3932 minime
224 3883 340 3945 nosset,
360 3869 435 3929 dum
451 3869 598 3951 Polybio,
618 3866 741 3929 Claudii
753 3869 879 3946 liberto,
899 3873 940 3932 sic
956 3873 1117 3939 blanditur

107 3994 146 4063 (r)
157 3994 302 4057 luvenalis,
314 3994 367 4046 Sat.
382 3995 420 4059 X,
434 4013 457 4044 v.
471 3994 513 4062 93.
614 3993 659 4057 32,
669 4008 790 4064 precatur
798 3996 942 4058 fortunam,
954 4000 1087 4068 utaperin'
1098 4020 1116 4050 a

109 4074 146 4143 (a)
158 4072 253 4125 Annal.
270 4071 314 4124 lib.
326 4075 369 4138 lV,
383 4092 406 4123 c.
423 4073 471 4138 42,
487 4086 513 4124 et
528 4070 572 4124 lib.
615 4073 725 4126 Claudio
732 4076 895 4126 Britanniam
905 4078 1027 4145 patiatur.
1036 4078 1116 4143 Quod

79 4150 121 4213 Vl,
133 4170 156 4201 e.
172 4152 214 4203 38.
615 4172 647 4204 eo
659 4156 716 4224 ipso
732 4172 800 4204 anno
815 4155 912 4205 facturn
926 4166 970 4204 est.

112 4230 148 4300 (3)
158 4233 186 4283 ln
196 4232 247 4285 hoc
257 4230 384 4303 opusculo
394 4232 505 4297 Seneca,
514 4251 573 4303 cap.
650 4232 817 4285 Vidsenecae
826 4234 1114 4309 opera.Bip.178a.(B.)
