2820 5018
358 451 1049 525 conchBUSMANUSCRIPTls.
1176 464 1217 551 37

179 617 252 681 quae
263 608 356 657 exstat
366 595 399 653 in
415 593 497 654 libro
509 591 753 674 supralaudato,
764 591 830 653 fuse
843 600 1039 674 monstravit,
1050 599 1162 661 codicis
1173 604 1223 661 Di·

181 686 335 748 vienensis
351 683 520 744 Romulum
537 681 680 741 eumdem
698 702 760 740 esse
776 685 995 746 cumillomulo
1013 689 1046 747 in
1064 691 1161 770 prisea
1177 713 1222 750 ea·

179 774 312 854 demque
322 771 416 850 longe
426 769 579 828 rarissima
591 767 726 827 editione
740 768 878 829 Ulmensi
888 792 1012 847 excuso,
1024 795 1117 853 quem
1131 777 1225 836 Neve·

177 860 257 920 letus
274 857 409 941 appellat
422 858 592 929 Remmium,
609 856 651 913 ita
665 867 768 914 tamen
781 870 816 914 ut
825 856 1021 919 Divionensis
1034 861 1072 919 ab
1086 861 1224 922 Ulmensi

176 944 354 1028 paullulum
367 941 513 1003 differret.
528 941 695 1018 Quomodo
702 956 803 1001 autem
811 940 843 1001 hi
856 943 919 1005 duo
933 947 1011 1006 iuter
1023 946 1228 1024 sedifferunt,

176 1032 269 1092 docet
278 1031 451 1110 Lessingius
463 1029 598 1088 scribens
606 1028 648 1105 (ι)
658 1050 664 1084 :
673 1045 692 1082 ἰι
702 1030 757 1086 Die
771 1029 959 1114 Handcclzrifl
972 1031 1025 1093 tat
1036 1036 1066 1093 in
1078 1034 1143 1093 dem
1154 1039 1224 1094 vier-

177 1134 227 1180 ειη
242 1118 344 1180 Buclie
363 1139 439 1198 zwey
456 1115 567 1176 Fatela
588 1113 682 1188 mehr,
701 1114 745 1175 als
763 1116 809 1177 die
828 1119 982 1200 pedruclte
1002 1123 1148 1203 Aiuqabe,
1169 1126 1222 1183 wie

179 1205 256 1266 aucli
273 1218 350 1265 sorut
359 1202 433 1281 nocli
446 1205 589 1264 einPaar
599 1199 798 1263 unestetttche
811 1208 951 1280 Zusaeitze5
964 1229 1097 1291 woqeqen
1108 1210 1222 1270 wieder·

178 1315 230 1352 um
251 1295 284 1352 in
303 1291 372 1351 dem
390 1287 571 1349 Gedmoltten
593 1292 656 1349 eine
674 1287 766 1349 fate!
784 1290 956 1368 vorliimmt,
976 1295 1022 1355 die
1042 1296 1107 1356 dort
1126 1295 1221 1375 fellet.

179 1377 268 1440 Nictu
284 1400 320 1437 zu
336 1397 496 1458 vemessen,
512 1375 577 1435 dass
590 1374 636 1434 dte
652 1377 714 1435 tlte
723 1376 813 1437 natet
823 1378 873 1438 des
881 1395 972 1441 ersten
981 1382 1076 1442 Buclu
1088 1369 1164 1442 unolz
1175 1383 1226 1442 der

179 1465 354 1550 qedruclten
364 1463 499 1547 Ausqabe
518 1463 584 1542 (der
605 1463 731 1542 Ulmer),
756 1467 788 1524 in
807 1465 859 1526 der
879 1469 1065 1553 Handschrift
1085 1461 1225 1530 zwisclten

179 1556 232 1616 der
244 1567 313 1638 7ten
329 1554 391 1613 und
406 1554 472 1613 8ten
490 1551 538 1613 des
555 1565 681 1631 zweyten
698 1553 795 1612 Buelu
811 1577 847 1614 zu
860 1556 956 1616 stelen
968 1557 1151 1639 pelommem
1168 1580 1227 1619 wo·

181 1642 272 1706 dumh
284 1643 359 1703 diese
370 1640 484 1702 Biicher
493 1639 625 1723 unqleicli
640 1642 806 1724 pomorum,
820 1645 882 1704 und
891 1646 944 1707 das
957 1661 1027 1708 erste
1037 1670 1090 1707 aus
1105 1670 1158 1727 19,
1172 1647 1225 1707 clus

181 1744 287 1811 zweyte
306 1730 397 1814 dafiir
412 1751 465 1788 aus
482 1750 516 1788 21
537 1726 647 1788 Fnbeln
664 1727 792 1789 bestehet.
814 1733 888 1791 Was
906 1732 976 1793 aler
992 1732 1156 1796 liiemtiekst
1172 1735 1226 1794 das

182 1817 360 1901 Hauponerk
372 1821 421 1892 ist,
441 1839 471 1877 so
486 1816 552 1876 sind
567 1816 643 1876 attoli
663 1816 709 1877 die
722 1818 832 1879 Fatela
845 1819 944 1895 selbot,
962 1822 1024 1882 hier
1039 1845 1069 1882 so
1088 1820 1163 1881 wohl
1179 1821 1222 1881 als

181 1907 261 1983 dou,
271 1908 337 1991 fast
357 1909 409 1967 mit
428 1903 652 1965 etendemtten
670 1906 792 1965 Worten
807 1906 937 1968 enihlet.
957 1912 1019 1968 Der
1033 1908 1142 1970 Stellen
1159 1908 1226 1967 sind

180 1994 380 2076 selirweniqe,
397 2016 440 2054 wo
457 1993 504 2053 die
523 1989 712 2073 Handsclmst
727 1991 863 2052 meridiali
883 2016 939 2054 uon
958 1995 1023 2055 dem
1044 1994 1226 2055 Gedmclten

180 2083 340 2157 abweieht3
355 2082 418 2143 und
437 2086 468 2142 in
488 2082 546 2141 don
566 2084 718 2163 perinqem
741 2080 1022 2144 Vemchiedenlteiten
1041 2083 1165 2144 acleinet
1179 2082 1225 2143 die

183 2177 261 2248 eine,
280 2173 351 2233 eben
362 2193 391 2232 so
405 2172 447 2255 ojl
457 2170 500 2230 als
518 2170 572 2229 das
588 2169 711 2243 audem,
732 2170 779 2230 die
799 2169 904 2231 bessem
918 2175 1017 2232 besurt
1035 2197 1070 2233 zu
1084 2172 1186 2232 liabeo.
1208 2197 1223 2226 n

184 2265 245 2322 Ista
256 2282 331 2322 vero
346 2263 474 2342 antiqua
489 2259 667 2320 fabularum
679 2259 790 2334 editio,
803 2281 897 2341 quam
910 2262 1018 2322 dicunt
1030 2263 1225 2334 liniensem,

187 2355 332 2435 impressa
348 2365 392 2412 est
410 2350 493 2410 foliis
511 2371 568 2431 ²70
583 2348 681 2409 Ulmae
703 2350 785 2431 apud
803 2352 956 2412 loannem
972 2353 1092 2426 Zeiuer;
1113 2354 1146 2411 in
1165 2350 1226 2410 line
1352 2359 1357 2374 '

185 2441 269 2500 enim
285 2437 350 2498 haec
367 2437 484 2518 adjecta
501 2451 591 2497 sunt:
604 2437 730 2498 Genulet
747 2436 880 2520 sciliplicli
898 2463 954 2500 von
971 2443 1104 2500 Jonanne
1122 2441 1229 2499 Zeitwr

183 2551 217 2589 zu
239 2526 318 2588 Uim.
336 2525 455 2587 Prodiit
473 2529 506 2586 in
518 2525 573 2586 fol.
590 2527 701 2585 minor.
723 2526 788 2586 sine
804 2529 962 2589 mentione
981 2530 1071 2602 anni;
1091 2541 1226 2588 attamen

184 2616 360 2697 conjectura
372 2615 527 2697 probabili
542 2617 623 2675 intra
639 2636 711 2674 ann.
732 2613 837 2694 1476...
857 2615 942 2691 1484,
958 2619 1024 2677 Hoe¹
1042 2618 1123 2677 libro
1135 2617 1228 2695 longe

182 2707 341 2766 rarissimo
361 2703 573 2773 continentum
593 2704 699 2759 Lxxx
725 2700 838 2762 fahulm
856 2706 1020 2782 prosaicae,
1039 2704 1124 2762 libris
1148 2704 1188 2760 lV
1212 2723 1231 2760 a

185 2793 321 2855 Romulo
340 2793 473 2873 scriptae3
488 2790 617 2861 fabulae,
637 2804 735 2847 metro
748 2789 881 2868 elegiaco
899 2791 938 2848 ab
951 2812 1125 2873 anonymo,
1138 2813 1229 2871 quem

186 2883 295 2943 dicunt
306 2880 455 2954 Neveleti,
465 2877 658 2959 compositae,
668 2876 773 2935 forsan
786 2877 926 2936 efabulis
936 2880 1060 2938 llomuli
1073 2879 1231 2960 prosaicis3

186 2969 301 3032 fabulae
323 2969 406 3028 xvll
424 2986 494 3048 quae
515 2963 711 3046 appellantur
728 2975 947 3045 extrauaqantes
966 2963 1182 3048 (mitlauftnde)
1204 2978 1233 3021 et

189 3080 278 3141 quas,
297 3057 353 3116 etsi
374 3056 486 3136 AEsopo
497 3053 613 3111 fuerint
624 3051 797 3131 adscriptae,
816 3052 984 3110 maximam
996 3067 1099 3111 tamen
1114 3064 1232 3133 partem

189 3148 291 3227 inepte
308 3145 465 3213 inventas,
480 3141 625 3220 AEsopum
643 3159 708 3197 non
726 3136 838 3196 habere
856 3151 1027 3212 auctorem,
1037 3137 1155 3218 judicat
1168 3139 1233 3195 Les·

188 3237 296 3316 sinqius
317 3234 373 3311 (a),·
387 3229 501 3289 fabulae
522 3228 606 3287 XVll
620 3227 722 3308 AEsopi
738 3248 756 3284 a
770 3227 900 3285 Rimioio
915 3226 1009 3286 latine
1024 3247 1131 3302 versa),
1147 3246 1232 3308 quae,

189 3324 264 3383 utin
279 3320 342 3379 fine
354 3318 475 3392 dicitur,
484 3339 503 3376 α
515 3313 640 3376 Romulo
649 3318 679 3373 in
685 3317 744 3374 suis
754 3328 878 3393 quatuor
887 3313 965 3374 libris
973 3337 1031 3374 non
1040 3318 1236 3386 continentur,-

191 3408 304 3471 febulae
317 3407 401 3466 xvn
413 3405 540 3477 Aviani3
553 3401 668 3461 fabulae
681 3401 780 3459 Xlllll
792 3421 827 3458 ex
841 3398 1022 3476 Adelfonso,
1035 3401 1196 3481 Deligamo
1206 3413 1236 3459 et

191 3500 320 3580 Poggio.
333 3495 492 3560 Praemissa
504 3504 548 3552 est
558 3492 619 3549 vita
632 3490 735 3570 AEsopi
745 3533 754 3563 ‚
766 3510 782 3548 e
795 3509 892 3569 graeca
905 3489 938 3548 in
951 3490 1080 3549 latinam
1096 3489 1235 3570 linguam

193 3610 244 3669 per
255 3584 421 3646 Rimicium
430 3580 587 3645 translata.
597 3576 709 3637 Addita
724 3577 817 3634 textui
830 3576 929 3634 latino
942 3577 1117 3655 germanica
1127 3576 1238 3649 versio,

194 3675 292 3736 nitido
313 3693 347 3731 ac
365 3670 464 3730 laceto
479 3668 628 3728 sermonis
647 3686 756 3747 genere
771 3666 955 3747 composita,
971 3679 1095 3724 auctore
1111 3666 1238 3722 Hemico

195 3759 372 3823 Steinltiiwel.
382 3762 409 3820 ls
418 3759 479 3818 fuit
486 3756 677 3840 professione
689 3753 839 3827 medicus,
854 3754 950 3828 Vitta,
961 3755 1024 3834 agri
1036 3752 1237 3832 Virtebergici

197 3850 309 3935 oppido
324 3846 441 3929 (Weyl,
453 3869 471 3906 a
485 3847 713 3906 Germanorum
728 3842 859 3922 Weyler)
872 3841 1039 3914 oriundus,
1056 3843 1168 3901 artium
1182 3840 1239 3929 Vll

198 3944 348 4023 magister,
370 3938 555 3998 medicinam
576 3935 691 3994 faciens
705 3934 804 3993 Ulmae
824 3933 873 4011 (3).
894 3932 939 3991 Ad
957 3933 1099 4013 AEsopeas
1118 3929 1239 3990 fabulas

231 4148 268 4216 (t)
280 4145 335 4197 Lib.
350 4147 392 4196 cit.
405 4164 430 4216 p.
442 4146 485 4198 51.
772 4138 811 4208 (3)
824 4135 945 4208 Epistola
960 4134 993 4186 ad
1007 4133 1181 4191 Eleonoram‚
1195 4123 1242 4178 Ja-

232 4228 270 4295 (α)
280 4229 309 4278 ln
318 4225 422 4277 Romul.
434 4239 459 4277 et
468 4223 557 4275 nimie.
567 4242 593 4294 p.
602 4222 646 4287 68,
653 4221 696 4290 69.
739 4219 832 4283 nobil,
842 4219 980 4271 Scotorum
989 4216 1056 4282 regis
1067 4210 1159 4273 filiam,
1169 4209 1241 4279 Segi-
