2820 5018
503 467 595 530 ιιι.
620 466 651 543 ι,
676 466 770 529 rin.
794 466 895 529 xvi.
1158 468 1217 556 391

487 670 745 765 FABULA
776 671 912 767 XVI.

531 880 685 935 CERVUS
702 883 750 933 ET
768 882 867 936 OVIS.

177 1054 356 1119 Fraudator
367 1055 536 1124 hominem
549 1084 652 1150 quum
665 1078 760 1125 vocat
772 1082 929 1148 sponsum
943 1059 1145 1149 improbum,

177 1158 248 1223 Non
262 1185 332 1226 rem
345 1165 515 1252 expedire,
530 1167 588 1233 sed
601 1168 724 1232 maium
735 1167 815 1233 dare
827 1169 962 1256 expetit.

210 1339 235 1408 ι’,
251 1370 272 1400 r.
287 1357 322 1402 De
336 1354 381 1403 hoe
394 1357 445 1405 ioco
459 1372 542 1407 vexato
553 1360 600 1408 rid.
614 1364 668 1408 Ere.
682 1362 715 1419 X,
728 1361 758 1408 ad
771 1361 819 1409 sab.
836 1362 901 1418 xvt,
917 1380 942 1419 ι,
961 1377 982 1407 a.

211 1513 270 1564 Far.
297 1517 363 1568 xvi.
392 1518 484 1573 Cervus
505 1533 531 1572 et
555 1523 622 1577 Ovis.
647 1553 683 1561 -
726 1520 1225 1587 r,«homomaluunlilr.ll,fnb.1V,

179 1606 202 1641 t.
218 1590 314 1645 Sensus
327 1593 405 1665 hujus
424 1596 491 1665 ioci,
509 1601 536 1650 in
556 1619 608 1671 qno
621 1619 683 1653 con·
723 1601 769 1669 25,
793 1600 1060 1671 «homobiiinguiea
1084 1600 1115 1650 V.
1137 1601 1224 1652 Burm.

176 1670 309 1723 stituendo
340 1685 366 1723 et
393 1676 590 1748 interpretando
615 1697 682 1749 prte-
758 1680 1227 1751 a.remexpedire.Derepecuniaria

175 1758 217 1799 ter
228 1763 329 1802 ceteros
340 1754 496 1825 interpretes
508 1758 607 1827 preivit
618 1758 681 1808 Bur
721 1760 854 1814 sollemne.
869 1758 997 1814 Nonnulli
1013 1761 1145 1831 accipiunt
1161 1778 1224 1830 pro,

175 1846 301 1897 mannus,
309 1850 340 1883 ex
347 1835 403 1904 ipsa
412 1835 500 1887 fabula
510 1836 586 1888 facile
595 1851 682 1908 potest
722 1840 840 1892 debitum
847 1840 960 1905 solvere,
972 1838 1017 1891 red
1025 1838 1077 1890 hoc
1084 1852 1123 1890 eat
1131 1856 1226 1889 ttamen

175 1906 272 1980 colligi.
288 1912 446 1981 Fraudator,
467 1919 512 1988 qui
523 1918 589 1988 petit
600 1936 682 1989 pecu·
721 1923 847 1994 expedire.
867 1922 908 1973 Cf.
922 1921 976 1972 Cic.
994 1919 1026 1971 ad
1040 1920 1093 1969 An.
1108 1919 1182 1983 XVI,
1195 1918 1226 1982 6,

175 1989 246 2038 niam
252 1994 522 2057 mutuam,etadhibet
529 2014 682 2067 sponsorem
721 2014 748 2053 et
762 2000 806 2051 lib.
820 2002 881 2065 XII,
895 2017 937 2069 ²9·
951 1999 992 2051 Sic
997 1995 1081 2070 fidem
1094 1995 1227 2066 expedire,

175 2071 325 2140 improbum
347 2088 371 2125 et
392 2075 504 2142 malum,
526 2079 581 2131 eine
599 2079 681 2131 dubio
722 2098 770 2151 pro
780 2078 920 2131 ditaoivere
927 2096 961 2129 τι
968 2077 1096 2140 alienum,
1107 2074 1228 2145 apndCi-

176 2150 284 2205 molitur
292 2153 424 2222 fraudem,
438 2170 463 2209 et
473 2158 633 2230 decepturus
643 2173 681 2212 est
722 2178 851 2212 ceronem.
874 2158 926 2211 Sed
947 2175 1001 2210 rem
1020 2156 1138 2229 expedire
1159 2155 1227 2208 idem

174 2233 339 2286 creditorem.
354 2238 415 2288 Non
428 2239 497 2290 enirn
513 2239 539 2291 id
556 2239 681 2305 intendit,
722 2255 760 2292 eet
782 2258 813 2292 ac
833 2240 967 2311 negotium
985 2236 1064 2301 illud,
1088 2235 1160 2307 quod
1178 2234 1228 2287 sub

175 2325 207 2363 ut
227 2311 318 2365 liberet
339 2333 354 2366 a
372 2316 490 2386 periculo
512 2318 681 2380 creditorem,
721 2317 1228 2385 manueat,itaadminiatrare,utpost-

175 2391 251 2461 isque
270 2396 409 2462 pecuniam
430 2399 457 2447 in
478 2410 535 2450 tuto
557 2397 682 2463 collocet,
722 2416 753 2450 ea
768 2396 844 2450 nuile
855 2395 914 2449 lites
925 2410 951 2449 et
964 2395 1025 2447 inde
1036 2393 1132 2445 damna
1146 2390 1229 2443 credi-

176 2489 226 2521 aeu
240 2483 269 2523 ut
281 2475 445 2546 expeditum,
460 2478 516 2530 sine
531 2478 575 2530 iite
589 2481 622 2530 eit
636 2497 683 2529 ne·
722 2481 782 2545 tori,
794 2493 838 2531 eut
848 2477 961 2530 debitori
971 2478 1095 2529 oriantur.
1106 2475 1148 2527 Sic
1157 2475 1230 2525 frau-

175 2552 278 2622 gotium
289 2554 359 2623 (rem
371 2558 521 2629 expedire),
537 2558 583 2610 ted
595 2573 624 2610 ut
635 2558 682 2610 de·
722 2559 812 2623 dator,
824 2561 869 2632 qui
878 2559 1018 2630 pecuniam
1027 2557 1093 2627 petit
1102 2571 1230 2625 sponsore

176 2633 327 2685 trinrentum
338 2636 431 2688 inferat
442 2637 564 2689 creditori
570 2635 681 2706 (maium
723 2638 859 2710 improbo,
871 2657 925 2689 non
938 2636 964 2688 id
976 2634 1101 2698 intendit,
1113 2646 1142 2685 ut
1154 2650 1230 2703 erpe-

176 2713 241 2765 dare
260 2717 382 2787 expetit)
404 2749 440 2757 -
457 2718 615 2783 Fraudator,
638 2720 684 2789 qui
724 2716 807 2769 ditum
819 2719 875 2769 eine
887 2716 931 2767 lite
944 2717 976 2767 rit
985 2717 1134 2785 negotium,
1145 2710 1229 2763 sedut

176 2791 297 2845 debitum
309 2794 409 2848 solvere
420 2816 474 2849 non
487 2796 567 2863 solet,
580 2799 624 2868 qni
636 2797 685 2848 de·
725 2796 936 2851 creditordeinde
945 2814 1025 2867 quum
1032 2805 1142 2865 repetat,
1147 2790 1232 2862 impli-

176 2871 265 2923 bitum
286 2875 423 2925 inficiatur.
442 2875 525 2927 Cicer.
548 2878 575 2926 in
594 2875 685 2927 eadem
725 2890 799 2928 cetur
808 2896 868 2930 curn
877 2874 996 2928 debitore
1003 2887 1029 2926 et
1038 2875 1093 2941 ejua
1103 2888 1232 2941 sponsore

176 2971 210 3003 re
221 2954 309 3020 jungit
316 2952 482 3022 fraudatum
493 2966 519 3006 et
531 2952 687 3024 inficiatores
725 2959 802 3007 variis
812 2956 1008 3018 contraveniir,
1021 2966 1046 3005 et
1056 2970 1148 3004 eorum
1157 2953 1233 3019 tergi·

178 3048 233 3102 pro
248 3027 333 3079 Flacc.
348 3047 388 3082 ao.
404 3030 687 3099 sedtib.11,0ff.2t,
726 3034 886 3095 venatione,
899 3050 986 3096 mora,
1001 3046 1051 3084 etc.
1067 3028 1165 3080 melum
1179 3030 1232 3079 sivo

173 3108 308 3182 fraudare
317 3121 343 3161 et
353 3109 450 3162 solvere
462 3125 688 3181 opponuntur.—
726 3110 852 3161 damnum
874 3112 976 3161 sentiat.
1004 3110 1072 3159 Hinc
1095 3104 1134 3157 Cl.
1156 3107 1234 3157 Hart-

180 3189 313 3258 Sponrum
329 3207 420 3241 vocare
431 3201 470 3240 eat
481 3189 587 3259 propria
600 3203 625 3241 et
637 3188 689 3241 eoi·
726 3208 806 3243 mano
821 3208 873 3242 rem
890 3190 1008 3260 expedire
1022 3200 1075 3252 eet,
1093 3188 1233 3257 pecuniam

183 3268 278 3320 lemnii
292 3272 320 3322 in
335 3268 388 3321 hac
405 3288 432 3321 re
452 3268 565 3333 locutio,
581 3282 607 3320 et
620 3266 688 3321 idem
727 3274 755 3323 in
772 3283 829 3322 tuto
846 3268 990 3329 collocare,
1008 3267 1119 3319 liberare
1136 3286 1150 3318 ι
1165 3270 1235 3338 peri·

183 3347 266 3410 valet,
286 3348 357 3421 quod
373 3347 466 3417 jubere
485 3346 598 3419 aliquem
612 3347 689 3398 fidem
728 3349 790 3404 culo
803 3350 967 3403 creditorem.
986 3348 1121 3421 EJ'usmodi
1135 3350 1161 3399 in
1175 3362 1233 3400 tuto

184 3444 236 3496 pro
252 3445 279 3477 se
296 3428 463 3498 interponere
480 3441 505 3479 et
524 3446 631 3491 cavere,
647 3446 689 3478 ro·
729 3429 864 3483 collocate
872 3428 1236 3501 pecuniteCiceronirttntne·

184 3524 249 3575 gare
264 3506 390 3579 aliquem,
408 3521 436 3559 ut
452 3528 500 3578 pro
518 3507 595 3558 nobit
611 3526 691 3578 spon·
727 3511 800 3585 potia
816 3509 935 3580 repedita
953 3507 986 3559 ad
1002 3508 1058 3558 Div.
1079 3508 1104 3571 1,
1123 3507 1153 3571 3,
1172 3508 1189 3558 i.
1210 3528 1233 3558 e.

186 3583 256 3637 deat.
272 3588 362 3639 Horat.
380 3588 416 3653 ΙΙ,
435 3588 484 3659 Ep.
505 3604 538 3653 ιι,
555 3587 602 3657 67,
620 3587 690 3637 nliic
731 3582 1103 3660 quaetactleposnumoolligi,
1114 3585 1236 3657 quenul-

187 3682 313 3736 rponeum
343 3680 469 3731 rocam
501 3682 552 3719 etc.
585 3667 689 3718 Dictum
730 3670 760 3723 lin
774 3668 877 3734 iitibtrs,
890 3669 1180 3740 0b2ummean1mque
1191 3688 1234 3720 ex-

188 3757 277 3795 autem
291 3763 424 3816 ‘mummi
442 3766 492 3817 pro
509 3745 542 3796 ⁸11
558 3744 691 3816 Sponden·
731 3753 848 3803 actiones
861 3763 887 3802 et
900 3748 1049 3802 debitorum
1062 3750 1235 3800 inficiationes

186 3824 265 3890 dum,
289 3840 318 3877 ut
338 3837 439 3880 omium
461 3827 561 3878 mittere
579 3825 623 3877 iib-
646 3827 689 3890 Ν,
730 3844 756 3882 et
771 3848 873 3894 morae,
892 3828 1017 3900 implicita
1033 3841 1108 3888 sunu
1124 3828 1236 3900 Καρίω-

187 3906 242 3959 tab.
256 3906 340 3973 xvii,
361 3925 384 3959 a.
400 3937 436 3948 —
451 3906 582 3960 hominem
595 3909 691 3979 impm-
731 3908 799 3974 lien,
809 3908 852 3960 die
861 3907 1105 3972 richerrtehen,die
1114 3905 1192 3957 leicht
1203 3923 1234 3953 :n

187 3990 264 4054 bum,
275 3989 291 4038 i.
303 4005 326 4039 e.
336 3988 491 4059 malignum,
502 3988 690 4061 impudentem,
732 3990 812 4041 tetam
833 3989 906 4052 sind,
925 3988 1014 4057 wodey
1031 3987 1076 4038 der
1092 3984 1233 4057 Gidubiper

188 4083 329 4136 rapacem,
348 4067 411 4121 dixit
425 4089 497 4122 more
512 4089 561 4121 rue
577 4083 603 4120 et
619 4069 691 4120 fami·
732 4070 805 4122 nicht
819 4069 926 4143 qefn'hrt
944 4069 983 4121 ist.
1002 4069 1048 4118 Hie
1066 4075 1237 4137 opponuntur

187 4146 249 4199 iiari
259 4143 404 4213 locutione,
414 4148 691 4215 uttib.1,fab.xxx1,
732 4149 870 4218 impedita,
889 4167 945 4218 quae
960 4160 1021 4199 sunt
1034 4144 1160 4196 difficilia.
1176 4140 1233 4193 Vid.

190 4227 691 4300 abomimprnbusulib.l,fab.xlx,
732 4230 803 4281 (ἔστι.
821 4227 854 4279 nd
869 4229 923 4280 Cic.
941 4228 997 4280 Div.
1013 4229 1061 4291 vt,
1077 4226 1125 4295 Ep.
1138 4239 1196 4287 ιιι,
1210 4224 1234 4291 4,
