2820 5018
362 412 821 482 runosrusurmus.
1044 425 1105 505 245

102 557 180 615 ltem
192 566 298 614 contra
311 553 461 628 incautos3
480 557 551 615 item
566 567 672 616 contra
690 556 772 631 illos,
789 560 843 638 qui
860 561 980 621 incaute
995 565 1110 624 socian-

59 660 111 704 tur
128 643 319 726 potentibus,
342 641 444 725 fingit,
464 644 547 726 quod
565 666 653 704 vacca
675 659 704 704 et
722 647 837 727 capella
854 661 884 707 ct
901 651 964 709 ovis
982 651 1109 713 fuerunt

60 733 149 791 sociae
167 729 260 789 simul
276 751 347 790 cnm
364 730 460 791 leone.
478 732 539 807 Qui
557 752 654 812 quum
672 733 704 791 in
721 734 846 793 saltibus
865 751 1064 812 venarentur,
1080 752 1110 799 et

60 838 188 879 cervum
200 830 355 900 caperent,
371 818 459 878 factis
471 819 608 900 partibus
624 819 669 879 leo
683 820 723 880 sic
736 821 795 880 ait:
812 823 877 902 Ego
893 824 1008 904 primus
1021 825 1110 903 tollo,

59 907 134 988 quia
151 907 215 966 leo:
236 906 366 966 secunda
385 928 456 987 pars
475 928 542 966 mea
561 920 603 966 est
622 928 658 967 eo
679 909 763 989 qnod
785 909 894 969 fortior
917 934 984 972 sum
1009 914 1109 987 vobis3

60 995 183 1055 tertiam
200 1014 270 1054 vero
287 993 364 1053 mihi
381 993 526 1069 defendo,
544 996 616 1075 quia
634 995 702 1077 plus
719 997 802 1056 vobis
817 1001 948 1059 cucurri.
961 1001 1110 1076 Quartam

59 1095 165 1141 autem
179 1082 232 1163 qui
245 1083 390 1163 tetigerit,
405 1082 567 1141 inimicum
584 1104 633 1142 me
647 1081 779 1144 habebit.
796 1085 903 1165 Sicque
918 1100 1014 1146 totam
1031 1108 1111 1171 prae·

60 1169 136 1230 dam
149 1169 233 1228 illam
245 1169 307 1229 sola
320 1169 499 1250 improbitas
510 1169 642 1229 abstulit.

101 1261 180 1320 Item
192 1272 295 1319 contra
311 1259 391 1332 illos,
409 1261 462 1340 qui
478 1258 605 1318 laudant
618 1261 674 1320 sibi
692 1261 810 1321 inutilia
824 1277 854 1322 et
865 1264 1041 1346 vituperant
1052 1266 1110 1325 uti·
1133 1320 1137 1327 .

60 1349 112 1408 lia.
128 1348 256 1423 Cervus,
271 1349 308 1408 de
327 1349 411 1408 fonte
428 1347 548 1423 bibens,
565 1370 617 1408 sua
636 1371 753 1409 cornua
771 1373 883 1432 magna
903 1367 937 1412 ut
953 1355 1042 1430 vidit,
1062 1356 1110 1414 ni-

60 1437 163 1497 mium
175 1436 299 1496 laudare
310 1437 416 1517 coepit:
433 1457 520 1495 crura
534 1438 635 1496 tenuia
648 1438 839 1519 vituperavit.
853 1440 944 1515 Quod
958 1462 1055 1521 quum
1067 1441 1111 1501 fa-

59 1538 158 1599 ceret,
170 1540 349 1585 venatorum
366 1546 450 1586 voces
468 1547 502 1585 ac
519 1539 641 1608 repente
657 1527 769 1587 latrare
784 1548 872 1586 canes
886 1528 1025 1605 audiens,
1039 1530 1110 1612 fuga

60 1632 118 1693 per
130 1634 276 1694 campum
292 1614 394 1672 evasit.
413 1615 450 1671 At
461 1613 514 1671 ubi
531 1634 601 1672 eum
619 1613 694 1672 silva
710 1614 852 1694 suscepit,
865 1617 1047 1696 magnitudo
1061 1619 1112 1678 illa

59 1722 219 1762 cornuum
231 1702 413 1762 venantibus
427 1723 498 1762 eum
513 1703 647 1762 retinuit.
660 1704 747 1761 Tunc
763 1716 891 1762 mortem
907 1725 993 1765 suam
1010 1707 1114 1767 videus

60 1791 127 1849 ait:
148 1790 222 1867 Quae
238 1790 314 1850 mibi
331 1804 418 1851 erant
432 1791 520 1850 utilia
535 1792 721 1872 vituperavi,
738 1804 767 1850 et
785 1790 964 1874 deceptuosa
981 1793 1111 1854 laudavi.

490 1941 563 1980 CAP.
581 1940 694 1979 cxvrt.

104 2040 151 2100 De
163 2038 315 2123 figmentis
329 2043 461 2124 ejusdem
473 2058 581 2102 contra
594 2064 671 2102 vane
683 2043 836 2123 gloriosos.

104 2128 183 2188 ltem
201 2143 307 2189 contra
325 2130 408 2203 illos,
428 2132 481 2212 qui
500 2130 617 2190 laudari
641 2130 738 2190 verbis
759 2128 894 2190 subdolis
915 2130 1063 2210 gaudent,
1085 2145 1113 2189 et

62 2228 168 2298 postea
179 2220 342 2299 poenitent,
352 2218 432 2280 lranc
445 2219 582 2280 fabulam
592 2219 690 2300 fingit.
700 2221 805 2297 Quum
816 2219 854 2277 de
866 2217 997 2278 fenestra
1008 2238 1113 2277 corvus

60 2305 220 2365 occasione
233 2327 352 2366 caseum
368 2322 499 2390 raperet,
511 2306 605 2367 altam
617 2307 757 2367 arborem
772 2305 945 2388 supersedit.
954 2305 1067 2386 Vulpes
1079 2318 1114 2364 ut

60 2391 150 2454 bunc
162 2395 251 2470 vidit,
261 2396 413 2457 decontra
425 2398 466 2456 sic
475 2397 533 2455 ait:
549 2398 577 2456 Ο
586 2417 674 2456 corve
685 2398 754 2477 quis
765 2394 870 2455 similis
879 2394 954 2452 tibi?
964 2408 993 2452 et
1003 2415 1114 2475 penna·

60 2501 137 2540 rum
149 2493 273 2542 tuarum
285 2504 379 2563 quam
392 2504 521 2564 magnus
533 2497 575 2543 est
588 2484 685 2543 nitor!
704 2483 811 2559 Qualis
824 2482 914 2542 decor
925 2494 1013 2554 esset,
1029 2483 1053 2540 si
1064 2503 1115 2542 vo-

62 2587 133 2626 oem
143 2566 257 2627 claram
270 2566 439 2628 habuisses:
457 2569 543 2628 nulla
555 2570 640 2650 prior
653 2571 715 2628 avis
728 2568 838 2630 fuisset.
852 2572 890 2629 At
901 2569 952 2628 ille
965 2569 1041 2629 dum
1053 2569 1115 2650 pla·

61 2676 133 2715 cere
143 2657 250 2731 voluit,
261 2670 290 2715 et
299 2677 405 2715 vocem
417 2677 503 2715 suam
516 2655 643 2715 validius
654 2658 818 2730 ostendere,
830 2679 951 2718 sursum
963 2659 1114 2731 clamavit,

62 2757 111 2816 et,
128 2763 179 2803 ore
191 2742 355 2825 patefacto,
370 2765 489 2804 caseum
502 2743 614 2802 oblitus
625 2743 747 2824 dejecit,
760 2767 852 2826 quem
864 2746 1000 2806 celeriter
1012 2746 1114 2807 dolosa

64 2829 173 2910 vulpes
188 2831 304 2889 avidius
320 2830 430 2910 rapuit.
447 2832 534 2889 Tunc
550 2842 673 2910 stupens
688 2850 795 2889 corvus
812 2831 960 2912 ingemuit
978 2854 1013 2891 ac
1031 2833 1114 2892 dece·

67 2929 143 2999 ptus
159 2920 310 3000 poenituit.

110 3007 211 3088 Fingit
221 3010 313 3068 etiam
327 3008 406 3067 idem
418 3007 570 3080 fabulam,
582 3004 733 3082 homines,
743 3009 776 3067 in
786 3008 933 3088 dignitate
944 3021 1117 3067 mansuetos

65 3119 143 3172 esse,
157 3113 420 3171 commonentem,
436 3096 496 3157 hoc
512 3096 621 3155 modo:
639 3097 735 3156 Annis
751 3096 883 3156 defectus
897 3110 925 3155 et
939 3096 1054 3155 viribus
1068 3096 1116 3155 leo

64 3209 166 3270 quum
185 3202 326 3271 gravatus
342 3188 467 3270 jaceret,
484 3187 625 3268 spiritum
642 3199 811 3246 extremum
833 3184 970 3260 trahens,
986 3207 1059 3267 aper
1077 3187 1116 3245 ad

66 3298 141 3336 eum
158 3285 241 3337 venit
258 3280 365 3352 iratus,
382 3297 527 3359 spumans
544 3276 699 3336 fulmineis
716 3275 873 3350 dentibus,
890 3288 918 3335 et
930 3276 1024 3334 ictum
1042 3288 1119 3334 vete-

67 3385 135 3424 rem
154 3365 336 3425 vindicavit:
359 3379 464 3423 taurus
487 3364 577 3423 etiam
599 3362 741 3422 cornibus
762 3360 870 3421 hostile
892 3381 1001 3443 corpus
1024 3360 1118 3421 lconis

67 3452 215 3512 confodit.
227 3456 335 3515 Asinus
344 3475 467 3536 quoque
478 3452 575 3512 feram
586 3465 619 3511 ut
628 3453 670 3511 sic
681 3451 772 3526 vidit,
782 3450 913 3512 calcibus
926 3450 972 3509 illi
984 3449 1118 3510 frontem

66 3543 202 3624 aperuit3
220 3559 249 3603 et
265 3544 315 3603 ille
330 3554 403 3604 cum
417 3544 534 3624 gemitu
544 3543 698 3624 suspirans
712 3543 753 3603 sic
765 3542 872 3601 dixisse
884 3539 994 3600 fertur:
1013 3541 1118 3617 Quum

67 3643 143 3689 esset
157 3631 253 3690 virtus
266 3652 347 3705 mea,
364 3629 422 3689 fuit
434 3629 552 3702 honor3
570 3628 629 3688 fuit
643 3629 749 3703 timor,
763 3641 797 3687 nt
810 3646 915 3688 omnes
926 3629 1041 3687 visione
1053 3647 1119 3686 mea

67 3713 225 3797 fugerent,
238 3733 267 3777 et
277 3718 381 3801 opinio
394 3719 458 3799 ipsa
470 3732 613 3777 terrerem
630 3716 739 3797 plures.
756 3716 839 3791 Quos
850 3728 954 3775 autem
967 3733 1031 3774 non
1043 3713 1120 3787 laesi,

66 3805 182 3886 quibus
199 3820 227 3867 et
244 3808 406 3867 auxiliator
423 3806 484 3879 fui,
504 3807 561 3888 ipsi
577 3805 788 3886 malignantur
803 3801 896 3875 mihi;
916 3817 945 3865 et
964 3803 1035 3885 quia
1052 3823 1117 3862 snm

66 3893 135 3954 sine
147 3896 276 3970 viribus,
291 3897 393 3957 nullus
407 3910 450 3957 est
461 3895 561 3955 honor
573 3895 725 3977 pristinus.
