2820 5018
213 474 273 540 272
581 446 644 511 DE
669 448 886 513 PH-AEDRO

210 588 410 742 ¹ffl'if‘fuiffi
421 586 486 647 hec
498 585 664 668 epigraphe
673 589 802 666 geminae
812 586 1032 649 defirnctorum
1044 593 1249 673 superadditur

209 707 227 743 e
263 702 336 761 pret:

351 820 405 870 Nisi
415 817 477 868 utile
487 831 525 867 est
535 814 605 887 quod
616 819 724 867 facimus
735 814 811 867 surita
822 828 860 868 est
869 816 959 888 gioria.

213 957 254 1017 ,td
269 973 337 1032 qnae
349 950 467 1009 Gudius
482 947 544 1007 haee
559 951 674 1007 notarit
684 952 741 1026 (r):
758 973 772 1002 a
781 949 933 1008 Exstitisse
947 947 1052 1009 adbuc
1066 966 1174 1010 nostro
1184 967 1246 1011 ten·

213 1065 284 1126 pore
296 1044 328 1099 in
342 1062 376 1098 ea
390 1038 464 1097 urbe
476 1037 608 1118 iapidcm
622 1037 708 1096 iilum
722 1059 791 1097 cum
806 1038 858 1097 tali
871 1036 1056 1119 epigraphe,
1069 1054 1196 1100 testatur
1207 1042 1245 1099 Jo.

210 1139 367 1192 'Pronurus
377 1130 427 1204 (a).
446 1130 497 1185 iist
513 1143 614 1186 antem
634 1149 735 1186 versus
752 1127 871 1187 iambus
886 1130 1023 1188 senarius
1035 1127 1159 1188 Phaedri
1173 1130 1246 1189 fabu-

213 1224 315 1281 latoris
327 1220 380 1277 lib.
396 1218 452 1288 ill,
466 1215 526 1274 fab.
542 1218 638 1289 xt'n,
657 1237 699 1275 η.
718 1218 840 1298 Opitius
855 1217 946 1276 etiam
962 1215 1049 1277 hunc
1067 1217 1200 1300 lapidem
1211 1221 1247 1277 vi·

211 1312 264 1370 dit.
274 1335 287 1362 a
300 1306 405 1365 Solent
417 1319 518 1362 antem
533 1306 564 1361 in
578 1304 828 1386 inscriptionibus
840 1303 1018 1385 hujusmodi
1030 1327 1102 1367 nou
1113 1327 1245 1368 remoue

210 1415 310 1458 torum
325 1396 511 1475 optimorum
526 1393 654 1450 inveniri
667 1395 832 1451 sententiae.

251 1485 368 1542 ⁴idsunt
389 1500 478 1562 porro
495 1479 746 1537 membranarum
766 1500 837 1538 cum
857 1481 974 1540 Codicis
997 1480 1167 1557 Pithoeani,
1185 1498 1244 1541 tum

210 1572 363 1635 iietnensis
380 1569 569 1639 testimonia,
586 1588 717 1647 quornm
735 1567 795 1626 fide
814 1584 842 1626 et
862 1590 977 1628 nomen
994 1567 1135 1644 Phaedri,
1150 1586 1177 1630 et
1188 1569 1245 1651 ejus

210 1661 398 1741 AEsopiannn
416 1655 594 1714 fabularum
613 1654 794 1735 opusculum
814 1670 892 1714 stare
911 1659 1017 1735 utique
1038 1656 1194 1739 potestssi
1214 1660 1244 1715 dt

208 1771 278 1810 vero
304 1746 467 1818 Citristius,
494 1746 662 1825 priscorum
688 1746 872 1826 scriptorum
899 1748 1101 1821 testimoniis,
1128 1744 1242 1806 Phoda

208 1838 331 1919 ereptis,
349 1836 497 1894 librorum
513 1853 636 1912 qnoque
650 1834 832 1912 scriptorum
846 1831 938 1893 fidem
952 1834 1141 1894 labefactare
1151 1833 1242 1895 studet

210 1930 271 1986 Etsi
285 1928 367 1984 enim
382 1942 554 2002 numquam
566 1942 615 1979 eos
628 1922 769 2002 inspexit,
784 1936 886 1981 tamen
899 1923 1122 1982 vetustissimos
1133 1942 1193 1981 este
1204 1941 1243 1981 ue

208 2033 274 2100 gat,
289 2035 421 2097 quorum
439 2011 574 2093 cxernpia
588 2027 616 2069 et
629 2011 710 2070 titnii
725 2033 849 2092 qnoque
864 2012 1030 2094 praescripti
1047 2011 1185 2094 profecta
1196 2032 1243 2072 etat

209 2107 248 2164 ab
261 2105 381 2182 ingenio
398 2101 461 2157 Nic.
478 2101 590 2157 Perotti
606 2098 772 2157 contendit.
790 2102 914 2159 Fatetur
928 2115 1051 2175 tamen,
1069 2099 1188 2160 huncce
1200 2102 1242 2159 Δι-

208 2192 433 2272 chiepiscopnm
447 2185 589 2264 quaedam
603 2189 735 2264 antiquis
748 2188 857 2245 iambis
870 2189 994 2269 scripta,
1003 2209 1077 2269 quae
1087 2208 1189 2271 sparsa
1200 2205 1242 2268 pm

207 2280 349 2340 derelicto
366 2278 397 2332 in
415 2273 536 2331 dirersis
553 2273 738 2332 membranis
755 2289 855 2347 crant,
873 2276 1010 2333 insnum
1029 2296 1111 2357 opus
1127 2290 1242 2335 transut-

208 2372 290 2441 iisse,
305 2366 420 2444 reliqna
433 2383 466 2419 cx
480 2363 585 2435 Accio,
598 2366 651 2440 qui
665 2363 790 2435 dicitur,
804 2379 833 2422 et
845 2384 880 2421 cx
891 2362 1025 2422 Romulo
1041 2365 1076 2422 in
1088 2362 1241 2424 iamboasit

207 2459 277 2518 satis
288 2450 459 2513 tolerabiles
471 2471 505 2507 ac
516 2452 619 2522 scitos,
630 2450 799 2511 secundum
809 2451 940 2509 Terentii
952 2450 1049 2525 dicta,
1059 2470 1242 2533 quemem·

208 2545 274 2625 piar
286 2561 376 2599 suurn
391 2537 505 2608 fecerit,
519 2541 702 2595 carucatisse
711 2541 759 2615 (a).

248 2633 310 2689 iitsi
322 2628 378 2684 riri
392 2625 485 2695 docti,
498 2623 552 2702 qni
565 2622 658 2682 iibros
671 2624 790 2684 Phaedri
802 2630 927 2708 scriptos
939 2632 971 2685 in
983 2630 1134 2688 manibus
1146 2629 1241 2689 babae

207 2734 294 2791 runt,
305 2731 339 2775 ut
351 2712 499 2784 Pithoeus,
511 2713 670 2791 Rigaitins,
682 2715 813 2785 Gudius,
826 2737 960 2795 qnorum
974 2719 1145 2778 auctoritas
1157 2721 1239 2802 ipsum

206 2808 374 2869 Christium
387 2801 473 2860 valde
487 2816 600 2873 nrovet,
618 2817 647 2859 ct
661 2806 770 2861 recenti
783 2818 918 2884 ternpore
932 2807 1118 2879 Brotierius,
1133 2827 1195 2866 uon
1204 2825 1238 2863 se·

204 2902 241 2961 tis
255 2895 411 2981 perspicua
423 2905 451 2949 ct
463 2906 542 2949 certa
559 2890 596 2949 de
615 2893 648 2949 iis
665 2892 825 2951 dixerunt:
844 2896 877 2951 in
892 2914 928 2952 eo
941 2909 1047 2954 tamen
1061 2917 1170 2956 omnes
1181 2914 1236 2954 cou-

205 2990 355 3058 scntinnt,
373 2983 463 3042 fuisse
480 2982 683 3063 perantiqnos.
703 2980 851 3055 Pithoeus,
868 2985 915 3041 vir
930 3005 995 3042 nou
1015 2985 1102 3046 rudis
1120 2989 1161 3046 rei
1174 2985 1235 3044 anti

205 3081 333 3161 quarite,
353 3073 494 3151 idemque
513 3091 569 3128 usu
589 3069 752 3150 multiplici
770 3071 859 3128 tritus
878 3072 1000 3131 criticus
1010 3076 1067 3151 (5),
1087 3087 1124 3133 ut
1141 3077 1172 3134 in
1190 3071 1234 3131 bot

201 3169 316 3249 judicio
334 3162 397 3220 falli
416 3172 529 3241 posset,
547 3158 704 3231 Codicem,
721 3179 756 3216 ex
771 3180 832 3238 quo
849 3161 983 3240 primunt
999 3159 1128 3221 fabulas
1143 3159 1233 3229 edidit,

203 3254 290 3312 valde
304 3252 466 3326 antiquum
484 3246 570 3317 dicit;
588 3245 814 3317 membraneus,
832 3267 872 3304 an
891 3245 1085 3321 chartaceus;
1102 3263 1178 3330 quot
1192 3266 1233 3305 au·

203 3363 332 3407 norum,
345 3339 396 3396 ubi
410 3338 606 3418 perscriptus,
620 3357 682 3403 non
696 3335 842 3417 perbibet.
858 3336 1008 3394 Eumdem
1021 3353 1129 3398 tamen
1142 3335 1233 3397 Pitboei

204 3429 345 3487 Codiccrn
361 3426 523 3483 iirotierius
534 3437 659 3481 testatur
670 3444 731 3481 csse
741 3422 1026 3497 membranaceum,
1038 3440 1112 3485 ante
1123 3421 1232 3484 Diffi}

203 3535 303 3574 annos
319 3514 479 3591 scriptumz
498 3509 575 3568 nibil
590 3511 725 3590 nltraffi).
739 3510 873 3585 Gudius,
889 3509 1000 3570 barum
1015 3533 1122 3573 rerum
1133 3512 1230 3595 penitis
1279 3518 1281 3535 ²

204 3607 311 3676 simus,
326 3600 416 3659 iibros
430 3598 546 3658 Phaedri
561 3602 687 3682 scriptos
704 3601 775 3661 dicit
789 3621 851 3660 esse
863 3602 1061 3662 membranas
1077 3618 1109 3663 et
1123 3614 1230 3670 retem,
1278 3540 1282 3661 i

238 3815 275 3887 (ι)
285 3815 350 3866 Vide
358 3815 439 3864 Notas
447 3812 524 3864 Gudii
537 3812 604 3863 adh.
617 3813 632 3862 Ι.
642 3815 700 3867 coll.
777 3815 815 3886 (4)
824 3816 927 3868 Christii
939 3814 1040 3868 Proius.
1055 3819 1100 3869 cit.
1115 3835 1172 3889 pag.
1187 3830 1217 3882 tp
1279 3808 1282 3893 i

202 3894 362 3948 Desbiilonio
374 3892 406 3944 ad
419 3892 444 3943 h.
459 3891 474 3942 Ι.
776 3898 814 3969 (5)
825 3897 926 3949 Tbuau.
937 3898 965 3949 L.
977 3892 1227 3962 cxvss‚ann.1596,

237 3973 274 4044 (a)
284 3974 368 4024 Daciar
379 3974 445 4022 Nov.
456 3970 575 4040 Antiquae
585 3971 612 4021 L.
624 3972 667 4037 lv,
677 3993 698 4023 c.
741 3978 770 4028 T.
778 3981 809 4036 V,
817 3998 843 4049 p.
855 3979 988 4049 703,Edit.
998 3998 1060 4031 anti.
1074 3972 1227 4046 &easta-itti

200 4052 350 4119 31,Nonb.
368 4051 446 4114 1666,
461 4051 533 4101 itt-12
547 4050 627 4102 edita.
742 4054 800 4106 coli.
811 4057 923 4109 Fabricii
934 4058 961 4107 B.
972 4058 1001 4108 L.
1015 4059 1046 4109 Τ.
1057 4060 1096 4123 11,
1108 4078 1135 4129 p.
1150 4056 1187 4109 ab.

235 4132 273 4202 (3)
291 4131 348 4181 Vid.
367 4148 444 4202 supra
461 4130 545 4180 Vitam
562 4129 659 4182 Phadri
674 4145 699 4182 et
774 4136 813 4207 (6)
827 4140 899 4192 Praef,
914 4140 1034 4191 Brouerii
1049 4140 1082 4192 ad
1098 4139 1229 4199 rheam,

199 4211 279 4263 Notit.
291 4212 349 4262 Litt.
361 4209 394 4262 de
406 4206 488 4259 codd.
504 4210 574 4260 MSS.
588 4216 619 4261 n⁰
633 4228 658 4275 1,
674 4229 696 4261 a.
738 4236 756 4287 p
778 4233 813 4268 vr.
