2820 5018
368 483 460 548 LlB.
486 487 515 564 Ι,
540 486 818 555 PROLOGUS.

61 619 108 684 Et
120 621 210 710 quod
223 623 396 711 prudentis
408 627 508 690 vitam
521 630 659 693 consilio
671 648 795 694 monet.

1048 490 1111 576 3²9

96 786 121 843 4.
129 788 242 850 prudenti.
251 792 286 836 sic
296 795 383 854 reperit
393 795 498 840 Heinsins
507 797 530 840 in
537 797 566 840 V.
576 796 633 843 tzod.
642 796 738 854 Pithoi,
748 810 774 843 ut
784 798 882 844 videtur.
891 797 960 841 Teste
969 796 1081 841 Brotierio
1089 795 1114 840 in

60 858 130 904 MSS.
145 860 202 906 Pith.
216 875 239 908 et
250 864 315 908 Rem.
329 876 352 909 et
364 866 426 912 Vett.
440 867 509 913 Fditt.
524 881 557 914 est
568 870 694 932 prudentis.
711 870 826 917 Alternus
838 869 905 915 lectio
919 880 954 913 est
965 883 979 914 s
991 882 1060 912 mauu
1075 882 1115 912 se-

61 927 150 975 cunila.
163 931 248 978 Placuit
260 937 427 981 recentioribus
437 939 554 1000 prudenti,
566 941 631 1000 quod
643 953 737 986 tuentur
749 939 823 985 Gelil).
837 940 907 1000 Crep.
920 939 954 989 n.
966 939 993 992 6,
1004 949 1027 982 et
1036 938 1114 981 Burin.

62 1000 125 1059 Qua·
136 1003 209 1059 enim,
220 1005 340 1065 inquiunt,
353 1008 463 1069 superbis
475 1007 562 1055 Phaedri
574 1010 648 1064 foret.
661 1013 679 1056 si
689 1011 827 1072 prudentem
839 1024 934 1055 monere
944 1007 986 1052 sihi
998 1006 1116 1052 sumeret?

63 1072 95 1115 At
104 1082 167 1117 reete
175 1075 271 1120 Brotier.
282 1091 287 1120 :
298 1096 308 1114 ι
317 1075 360 1123 bac
371 1081 460 1124 rationo
470 1081 563 1126 minime
573 1097 677 1127 moveor.
687 1085 774 1127 Verum
784 1096 856 1143 quum
867 1093 888 1125 et
896 1079 1004 1143 prudenti
1010 1074 1055 1123 ilici
1064 1092 1117 1137 pos-

61 1140 108 1196 sit,
120 1154 144 1187 et
154 1145 182 1190 sit
193 1159 326 1208 receptum,
339 1148 394 1194 nihil
407 1154 500 1197 mutavi.
512 1173 522 1191 ι
538 1155 643 1198 Grunrro
656 1155 679 1198 in
691 1153 796 1216 Spirilsg.
810 1153 941 1199 Observatt.
956 1150 985 1195 ad
1001 1147 1041 1194 Ph.
1055 1163 1115 1210 pru·

62 1214 122 1258 deris
135 1221 312 1279 supermissa,
325 1223 364 1281 qui
377 1225 513 1269 sententiani
524 1223 654 1270 fabularum
667 1226 758 1287 assequi
771 1223 838 1270 valet.
851 1226 879 1270 Et
890 1223 936 1269 hoc
947 1237 1016 1268 sensu
1030 1220 1115 1265 delen-

62 1281 99 1328 rlit
109 1288 238 1346 prudentis.
253 1303 323 1349 quam
335 1288 458 1351 lectionum
470 1308 566 1355 quoque
579 1294 706 1355 ptulerunt
719 1296 768 1338 l'V.
782 1292 815 1339 cl.
829 1291 883 1339 Gaii
896 1305 918 1338 et
930 1294 1013 1354 Lnrsqe.
1029 1291 1115 1334 Monet.

63 1354 172 1402 lleiasius
179 1357 259 1419 fovet,
274 1360 338 1422 quod
352 1361 452 1408 insolens
468 1364 558 1410 vitietur
571 1367 696 1411 Burmann.
712 1367 862 1410 llrumrnnus
877 1367 899 1409 in
913 1365 1010 1409 Censur.
1027 1358 1117 1405 Phaeilri

64 1424 155 1471 Walrlt.
168 1431 176 1487 (
187 1430 214 1472 N.
226 1432 250 1474 B.
263 1431 287 1474 Ρ.
301 1432 400 1487 xxvn,
413 1449 436 1494 p.
450 1434 508 1492 605)
519 1434 595 1481 mallet
610 1440 680 1497 repit,
693 1436 770 1498 quod,
783 1450 856 1496 quum
868 1438 914 1479 vito
928 1449 972 1494 pro
983 1430 1114 1477 hominibus

61 1493 163 1553 dicatur,
173 1515 220 1544 non
230 1513 264 1547 est
273 1517 381 1557 uecesse;
391 1504 488 1559 deinde,
501 1508 519 1551 si
531 1512 589 1569 mqt't
598 1508 726 1566 scripsisset
736 1504 846 1550 Phaedrus
852 1541 863 1573 ,Ι
869 1506 909 1567 qui
920 1512 994 1549 monet
1003 1503 1115 1563 potuisset

62 1637 171 1692 doctam
179 1643 257 1694 Gudii
268 1644 301 1696 de
311 1645 361 1698 bac
374 1667 438 1698 voco
449 1648 569 1720 disputa·
609 1662 700 1700 notent
708 1649 898 1721 praepositionis
908 1665 1027 1711 sensum,
1036 1646 1063 1695 in
1072 1643 1113 1695 his

62 1720 568 1780 tionem.Sattler:desBiicldeirsstllit
608 1728 684 1779 liceat
705 1727 840 1799 paululum
866 1727 1006 1778 immorati.
1034 1727 1113 1775 Juxta

50 1799 124 1872 fist.
140 1832 175 1842 -
186 1814 284 1869 movet,
301 1806 318 1855 i.
333 1825 356 1856 o.
373 1808 496 1859 concitat.
513 1809 566 1858 Cio.
608 1809 797 1874 Quintilianum
810 1809 909 1877 (lnstit.
920 1808 993 1859 Orat.
1005 1803 1049 1855 lib.
1062 1805 1111 1867 lx,

64 1878 118 1928 Aa.
135 1880 182 1945 vi,
197 1883 245 1954 Ep.
262 1884 292 1949 3,
313 1908 324 1929 ι
334 1886 360 1935 in
378 1905 430 1957 quo
445 1885 489 1936 ille
504 1886 567 1938 milii

62 1956 144 2009 risum
151 1963 245 2031 magis,
256 1981 335 2034 quam
343 1964 505 2016 stomachum
514 1984 568 2015 mo·

62 2053 124 2088 vere
131 2036 206 2090 solet.
217 2064 227 2086 ι
237 2043 278 2092 An
286 2041 377 2094 fabula
386 2045 491 2115 AEsopia
499 2057 568 2096 recto

61 2119 145 2169 mam
161 2138 265 2173 movere
280 2121 396 2189 dicatur,
412 2124 445 2175 de
462 2143 494 2175 eo
511 2126 569 2195 qui-

60 2195 123 2249 dem
137 2211 214 2252 acute
228 2200 343 2272 disputat
354 2204 459 2256 Jacobs.
474 2206 499 2255 in
512 2204 568 2255 Ob-

60 2291 169 2329 servatt.
189 2279 222 2330 sd
245 2280 344 2333 Phaedri
367 2282 483 2348 fabulas,
506 2285 567 2337 huic

60 2355 175 2409 editioni
187 2360 303 2431 prefixis.
320 2361 438 2427 Fabulis,
459 2382 515 2434 qua·
533 2365 568 2414 ri-

59 2457 124 2489 sum
143 2454 257 2505 movent,
279 2440 478 2493 adnumeranda
500 2462 522 2493 e.
543 2463 565 2494 c.

59 2515 110 2567 lib.
122 2518 148 2582 1,
159 2517 228 2572 tahb.
239 2521 287 2586 xi,
299 2522 396 2585 XXVI,
405 2519 437 2572 al.
446 2523 567 2573 —risum

60 2616 168 2649 movere
173 2599 357 2671 interpretatur
364 2600 402 2651 Cl.
413 2600 484 2665 Gaii,
495 2621 568 2651 amu-

59 2694 108 2729 ων.
129 2677 234 2730 Frustra
253 2678 321 2731 hanc
341 2678 440 2730 l‘htedri
457 2680 568 2732 locutio-

609 1906 630 1936 υ.
643 1887 673 1951 3,
683 1906 743 1958 pag.
761 1887 823 1955 167,
836 1884 888 1937 vol.
899 1888 935 1950 ΙΙ,
948 1884 1009 1935 odit.
1024 1882 1111 1953 Rip),

608 1980 646 2017 ost
658 1984 741 2037 gorius
758 1966 845 2035 liguros
862 1984 918 2036 qun
934 1978 978 2015 aut
992 1959 1112 2014 similitu-

608 2045 668 2097 dino
689 2043 776 2117 aliqua
795 2065 902 2109 vocum,
926 2058 970 2095 aut
988 2041 1113 2114 paribus,

609 2137 653 2175 aut
669 2126 819 2191 contrariis,
833 2125 908 2175 vertit
919 2125 947 2175 in
959 2143 986 2174 se
999 2141 1074 2174 aures
1087 2134 1113 2174 et

609 2204 709 2254 animos
717 2204 892 2255 excitatllnic
900 2222 996 2255 nomen
1006 2216 1044 2254 cst
1054 2222 1114 2269 np-

609 2282 727 2346 assumta
743 2301 800 2353 quse
813 2281 908 2333 dieitur
920 2281 1110 2356 apnomiitatio.

609 2362 644 2411 Ea
655 2380 708 2412 non
717 2380 771 2412 uno
781 2359 860 2411 modo
869 2361 911 2425 fit,
921 2362 967 2413 sod
975 2381 1006 2413 ex
1017 2361 1112 2412 vicinia

608 2440 720 2511 quadam
738 2440 854 2512 praedicti
868 2443 981 2493 nominis
994 2440 1113 2503 ducitur;

609 2532 637 2569 ut
649 2520 744 2571 mulier
756 2536 860 2572 oustuu
873 2520 1008 2590 imperita,
1026 2535 1051 2569 in
1061 2536 1113 2571 ou·
1195 2584 1202 2595 “

607 2616 681 2651 nitus
698 2601 809 2672 infidis.-
826 2599 919 2662 ltomo,
936 2599 1013 2652 hostis
1024 2599 1111 2651 homo.

609 2680 652 2730 llis
668 2678 823 2746 Quintiliani
836 2677 961 2750 exemplis
977 2681 1112 2750 sequentia

58 2777 124 2809 nem
145 2760 228 2828 carpit
246 2759 389 2812 Christius:
409 2759 467 2811 vide
489 2780 567 2832 supra
607 2757 813 2829 subjungantur:
829 2778 882 2810 non
896 2759 968 2810 decet
981 2757 1113 2809 hominem

60 2838 138 2908 Disp.
151 2837 184 2889 tle
193 2838 300 2889 Phtrdro
313 2841 343 2889 Α.
356 2839 380 2891 S.
531 2886 535 2895 ,
606 2855 698 2907 periere
720 2836 848 2900 nobilem,
869 2837 991 2888 mobilem
1016 2837 1096 2888 videri
1104 2859 1113 2886 .-

97 2915 124 2982 4.
135 2918 214 2969 vitam
223 2920 293 2989 capit
300 2921 438 2969 Burmann.
448 2938 496 2988 pro
504 2921 567 2988 ipsis
608 2946 643 2954 —
653 2933 704 2965 aon
717 2915 809 2966 honori
815 2954 823 2979 ,
833 2916 877 2966 sed
885 2919 958 2967 oneri
968 2936 1032 2968 esse:
1045 2947 1078 2956 -
1088 2927 1115 2966 et

54 2994 225 3059 horninibus,
240 2998 318 3047 vitam
332 2996 501 3067 degantibus,
515 3018 567 3069 quo
608 3013 677 3065 spem
699 3004 726 3044 et
747 3013 797 3044 rem
819 2994 939 3064 perdidit.
962 2997 1114 3046 Praeivetant

55 3092 140 3123 sensu
151 3073 206 3125 lus-c
218 3095 266 3126 vox
280 3090 397 3147 tompore
409 3077 507 3128 Phaedri
520 3078 568 3128 fuit
609 3073 704 3134 Graeci,
717 3087 746 3124 ut
756 3085 828 3143 patet
838 3092 869 3123 ex
882 3072 935 3137 his,
949 3071 973 3121 tri
985 3078 1113 3132 Φίλιππος,

57 3155 173 3211 usitata,
183 3152 288 3226 ithuod
297 3154 383 3207 multis
391 3157 476 3206 firmat
483 3175 569 3206 exom·
609 3151 674 3203 dissi
692 3154 814 3203 Φιλίππιον
832 3148 954 3219 suspiras·
971 3148 1012 3205 ‘ris
1027 3149 1114 3202 'ffli-

55 3232 123 3304 plis.
137 3231 180 3283 Sic
194 3231 304 3284 Martini.
320 3234 364 3285 lib.
379 3236 449 3293 Vlll,
470 3236 517 3305 Ep.
532 3234 566 3284 3:
608 3234 658 3291 irc,
679 3246 704 3284 et
720 3232 804 3296 Σαμία
817 3233 864 3296 μία
883 3231 950 3292 rasis,
964 3230 1113 3296 'Appia-sais,

59 3336 73 3357 a
89 3325 218 3381 agrioscat
248 3332 332 3364 mores
364 3316 415 3365 vita
448 3313 567 3387 legasque
608 3312 674 3364 πόλιν
693 3308 810 3379 iunipiri.
827 3310 907 3379 Quod
919 3311 990 3382 apud
1008 3313 1114 3365 Latinos

54 3409 156 3443 suos·
173 3390 268 3442 Sensus
277 3394 354 3463 igitur
364 3393 567 3445 estzcousilimn
608 3392 806 3465 supremitatis,
833 3390 860 3441 id
887 3388 979 3461 gallice
1006 3404 1115 3444 vocatur

54 3471 107 3523 (lat
118 3468 281 3534 homiuibus,
295 3486 365 3524 ret-te
375 3474 568 3545 prudenterque

57 3550 174 3603 sivemli.
191 3553 267 3602 llunc
284 3570 386 3603 versum
402 3572 526 3624 compara
545 3572 567 3603 c.

57 3627 134 3681 Ptol.
145 3626 190 3679 lib.
204 3631 238 3693 ll,
254 3648 297 3680 a...
312 3630 341 3693 5,
352 3645 378 3681 ot
388 3630 455 3680 Prol.
468 3633 515 3689 lli,
528 3631 569 3683 50.

56 3709 568 3761 -lnmovetetmonetnotantllittersh.

58 3804 88 3841 et
96 3788 167 3841 Gud.
176 3796 358 3856 aspernamini
369 3804 394 3841 et
403 3789 512 3842 laudant
522 3788 566 3842 lib.

57 3869 107 3933 iv,
120 3867 175 3918 fab.
188 3869 232 3933 lV,
247 3868 286 3918 13.
296 3870 326 3919 ln
339 3889 451 3940 quorum
463 3883 569 3921 senten-

58 3949 127 4000 tiam
141 3946 274 3998 discedere
290 3947 390 4000 sidetur
407 3945 445 3998 (ΣΙ.
462 3949 569 3999 Tzsclm·

58 4028 123 4092 else,
139 4040 234 4079 notans
248 4048 253 4076 ε
273 4049 285 4071 ι
295 4047 328 4079 an
342 4025 424 4078 voluit
441 4025 566 4079 ludere?-

57 4136 99 4148 -
110 4102 156 4175 [ln
171 4118 255 4157 atoue!
269 4121 294 4159 ot
308 4119 397 4160 monet
410 4122 502 4159 notant
516 4110 569 4159 liit-

58 4187 177 4240 tershus.
190 4199 216 4237 et
228 4186 296 4237 Gud.
313 4188 502 4255 esperimus.
518 4187 569 4240 Sed

60 4285 144 4339 quum
153 4264 331 4319 nordoliuiant
339 4265 506 4332 vocabulum,
515 4286 563 4319 noc

610 3474 740 3545 voisiaoqe
751 3472 782 3521 de
792 3481 857 3521 mots
869 3471 916 3522 mis
929 3469 980 3522 l'urr
993 3472 1076 3523 acore
1082 3471 1115 3523 de

612 3550 713 3614 lature,
727 3548 802 3618 stapsi.
821 3551 852 3600 Et
865 3548 919 3601 linc
931 3549 1046 3600 delinitio
1058 3549 1114 3620 gal·

613 3628 675 3694 lira,
694 3645 718 3680 rt
734 3630 789 3683 hirc
804 3631 944 3700 prasertim
960 3629 1115 3698 Quintiliani

611 3708 689 3761 verba
714 3712 896 3777 superomnia,
918 3711 1113 3782 apnominutio,

609 3808 641 3839 ex
656 3791 750 3841 vicinia
768 3790 880 3862 quadam
898 3791 1011 3842 nominis
1024 3792 1113 3858 ducta,

610 3883 701 3941 satque
723 3888 853 3940 superque
874 3867 990 3920 indicant
1010 3888 1113 3922 sensum

610 3951 799 4020 propositionis
810 3945 886 4017 repsi.
900 3949 935 4016 'rii
946 3951 1114 4016 παρωνομασίᾳ

609 4042 721 4099 capriata
732 4043 770 4080 ost
780 4048 810 4080 ea
821 4047 877 4099 qua²
888 4039 998 4078 vocatur
1009 4025 1114 4095 rapias·

611 4130 643 4163 est
659 4127 736 4180 quam
751 4110 879 4158 ilenricas
894 4106 1041 4176 Stephanus
1053 4124 1112 4155 vrr-

612 4189 642 4239 tit
658 4187 853 4250 adnominatio‚
877 4183 922 4235 sed
943 4204 999 4255 qua·
1017 4183 1112 4235 rectius

609 4270 710 4329 forsan,
729 4284 806 4336 quani
821 4264 1003 4330 noeparruaeiae,
1014 4261 1111 4331 jubon-
