2820 5018
411 410 465 476 tu
487 406 766 473 vonunrun
788 409 815 473 1.
951 412 955 424 ·
1072 417 1135 506 ⁵⁶7

89 553 250 614 continent
266 564 417 637 praecepta
433 553 503 615 vitae
521 551 732 612 saluberrima.
747 551 840 610 Putat
853 554 954 629 enim,
970 554 1137 623 Phaedrum

88 643 238 705 vocabulo
249 662 339 727 qenut
352 643 464 726 passim
478 643 521 702 ita
532 643 593 718 uti,
606 653 642 700 ut
655 641 940 704 circumscribendae
954 649 1072 709 nationi
1090 653 1137 713 in·

92 735 202 792 serviat
214 733 316 812 (Prol.
329 735 388 808 111,
403 733 456 806 333
469 731 521 791 lib.
535 732 588 807 lV,
600 730 663 790 fab.
675 732 748 805 Vll,
762 733 810 807 2);
826 734 966 813 AEsopum
978 757 1033 817 per
1044 752 1140 801 meto-

91 825 231 902 nymiam
246 845 360 885 massae
371 821 445 904 poni
459 819 652 905 profabulis,·
663 841 754 900 penus
767 824 868 904 AEsopi
879 823 975 904 igitur
985 827 1066 888 idem
1079 851 1141 894 esse

91 911 174 988 quod
188 933 280 993 qenus
286 912 477 996 fabularum,
492 909 522 969 id
538 909 625 990 quod
640 908 820 990 simpliciter
832 910 1016 990 capiendum
1031 905 1069 975 sit
1084 940 1141 1002 pro

84 997 209 1079 fabulis.
222 1002 298 1078 Quae
312 1004 336 1063 si
348 1001 426 1062 forte
440 1021 504 1061 non
517 1000 673 1081 placeant,
685 1019 702 1058 e
713 992 755 1058 'vs
768 1017 786 1058 a
797 999 865 1059 vult
876 1001 1011 1084 suppleri
1014 1007 1145 1088 fabella·

92 1108 172 1163 rum,
183 1090 241 1151 hoc
253 1113 342 1151 sensu
354 1114 361 1151 :
374 1111 471 1172 genus
483 1089 669 1149 fabellarum
680 1090 783 1170 AEsopi
795 1091 973 1151 continetur
983 1097 1142 1179 exotnplis3

93 1180 239 1241 necaliud
252 1203 308 1264 per
318 1202 368 1242 eas
377 1181 541 1263 quaeritur,
553 1200 663 1263 quam,
675 1193 731 1239 etc.
743 1178 867 1261 praefert
876 1195 980 1242 tomen
991 1188 1143 1250 rationem

93 1269 233 1348 priorem.

133 1360 183 1419 Vs.
195 1357 224 1436 4.
239 1362 392 1440 Acuatque
402 1379 460 1419 sese
470 1357 593 1439 diliqerrs
604 1357 755 1416 industria.
771 1358 955 1440 anonymus
965 1383 982 1420 e
992 1362 1147 1442 glossariis

94 1449 198 1525 graecis
218 1448 348 1530 probare
366 1460 511 1521 conatur,
537 1445 709 1505 indrutriam
729 1443 901 1524 siguificare
921 1448 1146 1531 integritatem,

93 1535 251 1611 virtutem;
264 1550 293 1596 et
302 1557 400 1617 quum
413 1534 561 1595 Phaedrus
570 1533 678 1613 saepius
689 1545 786 1613 ponat
795 1533 981 1595 abstractum
992 1537 1062 1599 loco
1072 1565 1147 1604 con·

93 1626 180 1696 creti,
199 1624 322 1707 dilipens
341 1625 484 1685 industria
499 1627 527 1684 ei
543 1638 588 1684 est
607 1621 716 1695 homo,
732 1623 768 1682 'in
787 1643 851 1704 quo
868 1628 1005 1685 cernitur
1019 1633 1146 1695 eximius

93 1714 295 1795 percipiendae
311 1713 507 1794 colendoque
522 1713 644 1771 virtutis
658 1710 766 1784 ardor,
782 1723 818 1769 ut
834 1732 937 1772 sensus
953 1712 1011 1773 loci
1027 1718 1083 1776 sit:
1099 1721 1145 1780 nil

94 1801 178 1861 aliud
192 1825 245 1885 per
260 1803 387 1863 fabellas
399 1804 562 1882 quaeritur,
578 1821 673 1880 quam
685 1813 720 1858 ut
731 1800 852 1859 virtutis
863 1815 1002 1863 amantes
1013 1806 1051 1865 ad
1067 1829 1148 1870 exer-

94 1891 224 1951 cendam
238 1892 463 1971 colendamque
475 1891 620 1948 virtutcm
634 1890 833 1948 concitentur.
848 1890 909 1965 Qui
921 1911 1025 1951 sensus
1036 1896 1091 1952 etsi
1104 1900 1148 1957 vi-

95 1981 159 2041 deri
171 1996 271 2064 potest
280 1997 369 2063 aptus
378 1997 407 2041 et
417 1981 614 2050 commodus,
624 1979 725 2038 editor
734 1989 838 2036 tamen
849 1980 1007 2062 exemplis,
1017 2005 1033 2042 e
1043 1988 1148 2065 priscis

94 2069 174 2128 Latii
192 2070 392 2150 scriptoribus
407 2070 520 2149 petitis,
538 2088 601 2126 non
622 2065 740 2138 docuit,
756 2065 928 2126 industrium
943 2068 1080 2130 absolute
1094 2095 1149 2134 no·

95 2167 160 2215 tare
172 2156 373 2239 probitatem,
393 2156 547 2213 virtutem.
568 2154 694 2213 Maneat
709 2154 818 2232 igitur,
835 2153 1068 2234 intelligendam
1085 2181 1149 2220 esse

96 2245 294 2321 industriam,
310 2248 344 2304 in
360 2243 572 2324 investigando
586 2243 701 2305 fabulae
716 2262 806 2301 sensu
821 2241 1038 2307 adhibendam.
1055 2249 1146 2310 Couf.

96 2336 191 2396 Notas
204 2336 243 2395 ad
258 2333 289 2396 h.
304 2335 324 2395 l.

498 2423 667 2481 FABULA
688 2421 744 2480 lV.

136 2592 186 2650 Vs.
202 2593 275 2670 8sq.
292 2589 378 2672 Quod
388 2590 496 2662 vides...
511 2608 647 2669 quercum
664 2586 726 2647 vult
737 2599 867 2665 mettere
885 2590 931 2649 De
944 2591 1057 2672 ellipsi,
1078 2592 1110 2654 h.
1126 2594 1146 2654 l.

95 2677 301 2752 admittenda,
319 2677 527 2738 consulendus
543 2679 613 2737 Joni
630 2675 663 2735 Α.
680 2676 714 2735 Ρ.
733 2696 764 2756 p.
782 2672 1054 2753 426,§.15.00ll.
1076 2682 1146 2742 Not.

96 2766 160 2826 crit.
176 2766 215 2825 ad
232 2787 275 2825 vs.
289 2787 318 2844 9.
339 2763 436 2826 Oertel
445 2791 454 2824 .·
474 2768 524 2826 Du
540 2762 625 2824 sielrst
642 2762 727 2836 doch,
743 2766 798 2822 wie
810 2762 993 2847 diefalsclim
1007 2781 1060 2827 etc.
1082 2771 1146 2829 Da·

96 2851 186 2912 durch
200 2851 262 2912 uritt
273 2856 327 2926 sie,
340 2867 392 2912 etc.

136 2944 188 3001 Vs.
202 2961 246 3022 ¹7·
258 2954 326 3001 tuto.
339 2939 465 3000 Bothius
474 2954 557 3014 noto,
569 2962 603 2999 ex
616 2940 832 2998 emendatione
841 2940 960 3000 Heinsii
970 2955 999 2999 et
1010 2943 1146 3006 Bentleii.

136 3029 187 3086 Vs.
203 3027 250 3101 ad.
266 3026 382 3106 Felique
399 3040 427 3085 et
444 3024 556 3086 catulis.
572 3029 617 3084 lta
637 3048 708 3086 cum
728 3027 798 3085 aliis
815 3028 964 3107 rescripsit
984 3029 1022 3087 cl.
1041 3030 1149 3107 Bothe3

96 3118 233 3200 displicet
246 3119 330 3177 enim
343 3118 411 3176 viro
424 3116 516 3176 docto
529 3115 702 3175 emendatio
714 3115 856 3190 Bentleii,
863 3117 922 3199 seli
932 3131 1020 3198 atquc
1031 3120 1148 3196 catulis,

96 3208 245 3268 scribens:
269 3204 401 3264 amelius
420 3203 503 3264 haud
521 3202 614 3263 dubie
630 3205 840 3274 Burmannus,
859 3218 893 3261 ut
909 3225 966 3263 nos
982 3205 1149 3284 edidimus,

97 3317 159 3374 qua
172 3293 289 3353 ratione
300 3290 490 3372 verbumseli
502 3294 619 3370 integre
630 3290 769 3363 auditur,
782 3311 895 3370 quum,
909 3293 1077 3353 secundum
1092 3298 1151 3356 tln·

98 3384 200 3462 plum,
215 3384 248 3441 in
262 3381 510 3462 monosyllabum
525 3394 666 3458 cogatur,
681 3379 764 3459 quod
783 3380 885 3437 minus
900 3383 1060 3457 convenit,
1077 3387 1150 3465 quia

98 3475 166 3534 felis
178 3474 320 3555 princeps
333 3484 376 3530 est
389 3470 502 3530 fabula?
516 3491 683 3552 persona.»
700 3472 738 3528 lt
755 3472 952 3527 Burmannus
970 3472 1003 3528 in
1017 3472 1152 3536 editione

100 3565 210 3643 majori
227 3562 336 3635 edidit,
349 3559 481 3642 Felisque
501 3560 619 3634 catulis;
637 3558 793 3640 improbat
812 3559 895 3615 enim
913 3578 983 3616 cum
1005 3563 1150 3622 emenda-

99 3654 212 3712 tionem
234 3651 377 3723 Bentleii,
397 3649 502 3732 paullo
521 3663 594 3709 aute
610 3660 829 3719 memoratam,
851 3658 918 3703 tum
937 3647 1025 3705 Harii
1044 3649 1151 3728 Angli,

91 3740 204 3826 feliane
217 3754 245 3799 et
257 3740 374 3814 catulis,
394 3740 528 3800 addens:
550 3753 686 3798 uneutro
707 3758 784 3818 opus
802 3751 860 3808 cst3
881 3738 1045 3797 nonenim
1065 3740 1103 3799 dc
1121 3762 1152 3802 se

99 3829 227 3890 sollicita
236 3830 404 3890 admodum
413 3829 496 3903 felis,
511 3830 562 3889 sod
572 3829 610 3888 de
619 3829 742 3900 catulis,
758 3847 893 3907 quocum
901 3848 1005 3886 caussa
1018 3826 1072 3888 has
1082 3830 1153 3888 insi·

97 3921 164 3979 dias
177 3932 206 3979 et
220 3917 354 3980 fallacias
368 3933 531 3989 struxerat;
547 3942 600 3980 sua
615 3921 697 3979 euim
710 3937 829 3989 caussa,
847 3936 917 3995 quto
932 3919 1053 3996 evagari
1067 3932 1153 3998 pote·

99 4022 161 4081 rat,
182 4020 212 4066 et
229 4006 367 4086 undique
386 4009 501 4068 victum
524 4030 645 4089 parare,
671 4006 744 4066 tales
767 4003 890 4062 insidias
909 4006 1064 4076 struxisse,
1087 4026 1150 4064 nou

99 4096 270 4157 verosimile
283 4109 342 4169 est,
356 4119 456 4179 neque
468 4100 628 4179 ingenium
641 4096 832 4177 impenderet
846 4110 932 4175 poeta
945 4094 975 4151 id
989 4088 1153 4173 lingendo,

98 4185 148 4245 cui
166 4197 241 4246 nota
260 4198 326 4244 erat
346 4186 529 4246 animalium
550 4185 724 4267 sollicitudo
743 4204 800 4265 pro
819 4180 928 4240 catulis
944 4195 974 4240 et
993 4181 1098 4261 pullis,
1117 4197 1153 4241 ut
