2820 5018
368 445 432 507 an
455 443 547 506 trs.
572 440 610 505 11
635 440 728 504 ran.
753 443 792 503 v.
1038 434 1100 511 5'35

57 579 89 641 la
100 582 221 660 obiisse,
234 598 318 644 testes
329 593 402 642 sunt
413 584 471 642 Dio
483 595 513 641 et
524 583 683 641 Suetonius
691 579 740 660 (t).
752 580 840 639 Hauc
849 581 969 641 Luculli
983 584 1102 658 villam,

53 668 212 751 judicante
228 676 423 748 Burmanno,
440 674 531 732 etiam
548 672 668 753 respicit
685 669 854 730 Columella
870 673 905 731 L.
921 673 950 746 I,
967 673 1003 732 Il.
1018 675 1052 732 Il.
1068 673 1103 748 4,

56 760 111 819 ubi
128 761 276 843 majorem
293 762 396 822 fecisse
411 760 530 833 villam,
546 780 640 839 quarn
656 759 763 818 modus
780 760 845 839 agri
861 761 1042 840 postularet,
1059 761 1104 820 di-

56 849 119 910 cit:
135 872 170 910 ex
185 852 270 933 cujus
286 864 436 934 proecepto
451 850 547 910 videri
564 852 656 909 ctiam
672 863 782 931 potest,
799 869 865 908 non
881 864 958 909 recte
974 852 1103 932 positam

58 952 154 998 monte
166 962 279 1001 summo
284 965 295 1014 ;
309 961 407 1020 quum
422 938 474 999 ille
486 937 558 998 velit
571 938 664 997 medii
679 938 764 998 collis
781 939 961 1020 positionem
974 960 1035 999 csse
1049 961 1104 1022 op·

59 1023 186 1103 umam,
205 1029 238 1087 in
258 1049 294 1088 eo
316 1042 420 1089 tamen
442 1027 602 1087 obsecutus
619 1028 777 1108 praceptIs
794 1025 954 1102 Lucullus,
970 1043 1005 1085 ut
1023 1047 1106 1086 mare

60 1127 139 1171 recte
153 1117 354 1198 conspiceret,
375 1126 410 1175 ut
430 1114 472 1199 ait
488 1113 609 1174 Colum.
627 1135 694 1196 cap.
711 1135 771 1195 seq.
789 1113 834 1173 Cf.
852 1115 957 1173 Burm.
975 1117 1105 1174 Ditiones

59 1198 193 1262 Romani
212 1216 304 1284 atque
326 1205 382 1284 ipsi
402 1203 600 1284 imperatores
614 1201 700 1262 villas
716 1200 886 1266 habebant,
908 1202 940 1261 in
964 1223 1040 1282 quas
1062 1223 1106 1262 se-

59 1284 222 1364 cedebant,
237 1305 266 1350 et
279 1291 322 1349 ibi
336 1311 354 1348 a
371 1288 484 1349 forensi
497 1293 625 1372 strepitu
642 1292 750 1349 remoti
767 1289 946 1350 relaxabant
962 1291 1090 1350 animos.

100 1377 144 1436 ad
160 1400 203 1438 vs.
225 1402 268 1440 ιο.
286 1381 482 1459 Prospectat...
498 1379 625 1459 despicit.
642 1382 720 1439 Sunt
735 1381 790 1459 qui
806 1378 844 1437 de
859 1378 960 1439 fronte
976 1392 1005 1440 et
1022 1393 1107 1462 tergo

60 1462 226 1528 Phaedrum
244 1467 434 1548 intelligant,
453 1482 483 1527 et
502 1471 614 1547 respicit
631 1469 810 1550 praeferant,
827 1481 863 1527 ut
878 1470 1037 1545 Heinsius,
1053 1475 1106 1552 qui

36 1566 42 1576 ’
59 1571 123 1612 non
141 1557 203 1615 veri
217 1577 277 1615 esse
291 1555 389 1615 simile
401 1569 518 1631 censet,
532 1555 597 1615 duo
613 1555 666 1615 illa
681 1557 777 1615 maria
792 1577 809 1615 a
824 1555 926 1615 fronte
940 1557 1045 1618 villam
1057 1561 1108 1618 Ti·

59 1638 218 1704 berianam
231 1644 386 1718 habuisse,
401 1646 442 1705 sic
456 1659 557 1705 autem
572 1643 674 1705 locum
686 1647 918 1727 interpretatur,
933 1660 969 1705 ut
981 1648 1020 1706 ab
1033 1651 1108 1708 anti·

59 1750 95 1790 ca
105 1746 190 1813 parte
199 1735 345 1810 Siculum,
355 1757 373 1794 a
384 1737 500 1816 postica
509 1737 642 1796 Tuscum
652 1756 735 1796 mare
745 1737 928 1818 prospexisse
936 1740 1068 1817 statuat(
1087 1742 1107 1818 ).

61 1821 138 1897 Quae
149 1823 246 1904 rejicit
254 1826 460 1885 Burmannus.
474 1850 488 1879 o
497 1826 573 1901 Quis
583 1828 682 1901 enim,
695 1828 802 1906 inquit,
814 1826 852 1885 ad
863 1826 949 1886 littus
959 1829 1000 1886 ita
1010 1827 1108 1887 adem

61 1925 201 1989 poneret,
221 1926 256 1971 ut
274 1912 354 1973 latus
372 1925 517 1994 spectaret
533 1934 632 1989 mare,
653 1913 738 1994 quod
761 1915 861 1996 ipsum
881 1913 986 1974 locum
1005 1914 1109 1990 alluit,

61 1994 161 2059 fronte
181 2021 253 2060 vero
274 2003 457 2082 prospiceret
474 2022 559 2061 mare
577 2001 729 2076 Siculum,
743 2014 828 2082 tergo
843 2003 994 2062 Tuscum?
1010 2025 1108 2084 quum

61 2087 125 2148 sine
140 2088 234 2150 dubio
249 2104 311 2150 tota
326 2090 413 2150 frons
427 2091 551 2151 obversa
565 2091 657 2151 fuerit
672 2092 704 2149 in
719 2111 816 2166 mare,
829 2107 948 2172 tergum
961 2093 993 2152 in
1006 2114 1108 2174 agros,

61 2174 110 2235 sed
125 2190 238 2237 stantes
254 2192 325 2237 ante
339 2178 460 2253 villam,
476 2179 522 2238 vel
538 2199 574 2237 ex
586 2177 738 2253 fenestris,
753 2179 799 2237 vel
814 2180 974 2238 maenianis
991 2184 1110 2263 prospi-

61 2265 185 2341 cientes,
196 2288 214 2326 a
224 2266 329 2328 dextra
339 2268 372 2326 in
382 2270 529 2340 Tuscum,
539 2289 557 2327 a
568 2268 688 2328 sinistra
699 2269 732 2326 in
743 2267 878 2328 Siculum
889 2283 1029 2349 poterant
1040 2292 1110 2332 ocu-

61 2352 105 2413 los
119 2368 305 2430 convertere,
320 2354 350 2415 h.
369 2378 394 2416 e.
410 2356 491 2437 quod
509 2355 678 2416 Columella
693 2356 781 2431 dicit,
796 2370 869 2417 recte
881 2379 960 2417 mare
971 2363 1110 2440 conspice·

62 2463 105 2515 re,
125 2445 144 2501 i.
161 2464 185 2504 e.
205 2466 222 2504 a
239 2446 340 2507 fronte
353 2445 433 2504 villre
450 2448 500 2525 (3).
512 2472 526 2501 a
544 2448 609 2506 lac.
626 2447 802 2505 Gronovius
818 2449 951 2527 perspicit
968 2447 1109 2529 praefert,
1167 2508 1168 2513 ,

63 2534 121 2606 ita,
139 2546 174 2591 ut
186 2548 347 2616 pmspectat
363 2535 401 2595 de
416 2536 482 2595 visu
496 2557 513 2595 e
529 2535 720 2617 longinqu03
739 2535 789 2594 sed
806 2538 939 2617 perspicit
956 2537 993 2597 de
1007 2538 1073 2597 visu
1093 2561 1109 2598 e

62 2622 234 2704 propinquo
244 2623 404 2705 intelligat.
418 2626 485 2706 Ipse
496 2639 600 2684 tamen
614 2625 671 2684 sibi
682 2623 811 2698 diffidit,
823 2645 922 2706 quum
931 2639 1110 2707 prospectare

61 2713 152 2771 etiam
168 2715 343 2794 propinqua
360 2727 390 2772 et
405 2716 504 2774 vicina
519 2736 581 2774 esse
597 2715 738 2773 fateatur.
754 2713 810 2772 Cui
825 2715 949 2773 assentit
963 2714 1008 2773 Cl.
1025 2714 1109 2775 Schi-

62 2799 143 2859 rach.
158 2801 290 2862 scribens
303 2799 361 2879 (lpz
378 2827 391 2856 a
401 2816 436 2862 ut
448 2803 591 2875 aedilicia,
604 2816 660 2862 ctc.
675 2823 711 2860 eo
727 2814 860 2881 spectare
872 2803 1032 2877 dicuutur,
1044 2825 1108 2885 quo

59 2889 193 2949 frontem
211 2903 350 2963 vertunt3
368 2892 409 2948 sic
423 2902 600 2970 prospectore
614 2888 644 2949 h.
663 2889 682 2948 l.
701 2902 758 2960 est,
778 2910 797 2947 a
813 2909 934 2948 summo
950 2906 1054 2950 monte
1068 2893 1111 2950 Si·

61 2976 167 3037 culum
183 2997 295 3035 marce
309 2976 479 3055 longinquo
493 2976 635 3056 spectari,
647 2977 780 3033 Tuscum
793 2996 865 3033 vero
877 2975 1037 3056 subjacens
1047 2999 1110 3058 per·
1124 3022 1133 3037 .

60 3056 145 3148 spici,
157 3083 292 3145 namque
303 3065 400 3144 magis
410 3077 474 3122 crat
484 3064 637 3136 vicinum,
649 3074 741 3142 atquc
752 3062 792 3121 sic
802 3060 896 3142 longe
907 3063 1026 3143 lateque
1036 3062 1109 3126 binc

61 3153 198 3234 conspici
210 3173 297 3233 posse
311 3151 433 3212 dicitur.
445 3184 484 3196 -
497 3153 533 3210 In
547 3151 646 3211 verbis
658 3161 817 3231 prospectat
828 3163 858 3208 et
867 3153 1001 3231 perspicit
1012 3154 1110 3232 gratia

63 3243 223 3324 quaedam,
235 3247 399 3320 ταυτολογίας
410 3243 529 3323 species.
541 3240 588 3301 Sic
600 3239 747 3299 Phaedrus
760 3239 813 3299 lib.
827 3240 886 3314 III,
901 3239 961 3298 fab.
977 3240 1019 3314 II,
1034 3239 1082 3316 45.
1094 3268 1108 3299 a

63 3334 108 3392 Dc
121 3332 252 3392 lectione
264 3334 397 3411 perspicit
406 3330 468 3389 vid.
481 3332 546 3390 lac.
558 3330 697 3389 Gronov.
708 3327 883 3388 Emendatt.
896 3327 929 3386 in
944 3326 1064 3389 Phaedr.
1080 3353 1111 3413 p.

51 3420 122 3497 -144
138 3442 199 3504 seq.
214 3421 284 3482 coll.
300 3422 370 3480 Not.
388 3421 572 3494 Burmanni,
588 3420 637 3481 cui
651 3433 754 3478 tamen
769 3417 976 3477 accedendum
991 3439 1054 3480 nou
1069 3435 1113 3481 est

63 3508 248 3583 affirmanti,
269 3508 373 3567 villam
393 3508 494 3568 Siculo
516 3507 594 3567 mari
617 3507 869 3588 propinquiorem
890 3504 996 3580 fuisse,
1016 3529 1111 3589 quam

64 3602 177 3673 Tusco·‚
193 3600 289 3658 immo
301 3620 372 3659 vero
384 3601 483 3660 Tusco
498 3598 703 3681 propinquior
714 3596 805 3657 fuisse
818 3595 955 3678 putanda
971 3608 1022 3656 cst.
1038 3597 1111 3658 Chr.

101 3711 201 3784 (1)Μο
213 3711 258 3767 lib.
269 3714 362 3779 LVIII,
375 3735 433 3786 cap.
448 3716 496 3781 28,
511 3716 566 3766 init.
608 3716 663 3766 fere
673 3712 820 3764 Gronovius
832 3713 859 3762 in
871 3710 961 3764 litteris
972 3713 1039 3763 suis:
1053 3712 1111 3764 «lc-

66 3790 101 3844 ad
128 3808 204 3862 qoem
230 3791 319 3844 locum
343 3793 394 3846 vid.
424 3796 566 3847 Reimarus.
608 3814 642 3864 go
654 3791 831 3863 respicitl'ult
840 3791 953 3841 frontem
963 3792 1019 3859 ejus
1028 3792 1054 3841 in
1064 3791 1114 3842 fre·

66 3873 137 3924 Suet.
147 3869 205 3921 Tib.
216 3890 275 3942 cap.
287 3874 327 3943 73.
344 3898 354 3920 ι
365 3877 397 3926 Bt
407 3876 569 3946 tempestati·
609 3885 678 3937 tum,
688 3886 788 3942 tergum
799 3873 825 3921 in
836 3871 972 3920 Etruscum
980 3887 1051 3919 marc
1060 3888 1114 3920 rcr-

66 3950 116 4002 bus
127 3964 152 4001 et
162 3952 386 4019 ingravescentem
394 3955 477 4005 morbi
488 3967 570 4005 retcn·
610 3971 668 4002 sum
689 3952 775 4002 fuisse.
790 3973 801 3995 υ
822 3948 879 3999 vid.
902 3950 964 3999 Nor.
985 3945 1112 3999 scheller.

67 4043 109 4082 tus
127 4027 267 4101 (Capreis)
285 4031 374 4100 paullo
390 4048 451 4105 post
464 4033 529 4085 obiit
542 4035 569 4084 in
609 4033 694 4082 Etiam
707 4028 806 4081 Tollius
825 4029 944 4096 conjicit,
960 4036 986 4075 et
1003 4025 1113 4095 respicit.

68 4109 128 4161 villa
140 4108 292 4160 Lucullana.
304 4134 315 4155 ι
609 4111 668 4161 vid.
680 4113 718 4179 Ej.
730 4111 792 4160 Not.
804 4111 831 4156 Ρ.
845 4109 893 4169 Ill,
903 4105 1003 4156 Phaeilri
1013 4124 1039 4175 p.
1054 4104 1110 4159 156.

103 4186 142 4258 (a)
151 4188 209 4239 vid.
221 4190 361 4241 Burmanni
370 4190 430 4263 Syll.
442 4193 509 4262 Epp.
523 4193 568 4260 Bp.
646 4189 686 4259 (3)
696 4186 752 4238 vid.
765 4190 827 4238 Bxc.
840 4187 915 4248 xvt,
926 4182 958 4234 acl
970 4203 992 4233 v.
1007 4183 1033 4235 Β.

70 4285 117 4339 79,
129 4268 162 4322 ad
174 4267 270 4321 scheff.
285 4283 346 4322 tom.
355 4272 388 4337 V,
400 4288 461 4341 pag.
474 4272 514 4325 88,
530 4272 571 4323 Sic
646 4265 686 4336 (4)
697 4265 766 4319 ctas.
778 4266 805 4315 P.
818 4267 842 4328 l,
853 4283 879 4333 p.
891 4263 951 4314 301.
