2820 5018
182 468 200 510 2
578 442 823 508 PIIAEFATIO

130 585 133 589 ’
177 581 409 670 antiquae,nec
418 602 485 644 non
495 576 638 643 historiae
648 578 812 644 litterariae
822 579 960 669 cupidis,
971 583 1112 647 maxime
1122 582 1209 651 Scho

177 684 282 750 larum
294 683 453 770 magistris
463 683 585 761 offero,
597 682 808 771 respondeat,
820 682 863 748 de
872 706 914 749 eo
924 683 1060 774 quidem
1069 685 1209 755 doctritu

176 806 366 880 praestantes
379 806 412 853 et
423 790 509 878 acqui
521 812 631 853 rerum
644 791 855 855 aestimatores
869 814 958 856 nunc
967 791 1130 882 judIcent.

221 895 396 959 Maximam
411 916 523 958 curam
535 895 573 988 ¹in
588 916 627 957 co
644 895 755 982 posui,
775 911 811 957 ut
828 910 953 959 textum
970 894 1098 976 darem,
1119 920 1209 988 quan

176 1018 246 1065 turn
262 1003 331 1066 lieri
346 1017 488 1090 poterat,
502 1001 694 1088 castigatum
706 1015 740 1063 et
751 1022 881 1088 purum.
894 1002 961 1066 Etsi
972 1003 1060 1066 enim
1070 1006 1208 1073 recensit

177 1111 430 1186 Burrnanniana,
442 1106 551 1172 adhuc
560 1131 580 1171 a
590 1106 701 1171 multis
710 1125 858 1196 recepta,
871 1107 976 1173 laudis
988 1109 1130 1197 palmam
1140 1132 1206 1200 pra

176 1214 465 1303 ripereridebatur
474 1214 624 1303 reliquis,
638 1230 747 1277 tamen
758 1211 839 1278 mihi
850 1230 919 1278 erat
928 1237 1130 1303 persuasum,
1142 1220 1205 1285 Bru

175 1344 346 1400 mannum,
367 1325 423 1410 qui
442 1323 539 1385 toties
557 1320 720 1407 vulgatam
734 1319 910 1384 lectionem
924 1337 1037 1386 contra
1049 1344 1151 1389 novas
1167 1324 1204 1391 III

174 1427 287 1495 ohardi
302 1429 440 1494 Bentleii
457 1445 490 1494 et
504 1430 666 1493 Francisci
682 1429 773 1494 Harii
789 1428 994 1519 conjecturas
1010 1448 1099 1496 recte
1115 1435 1202 1501 tuito

174 1550 257 1614 erat,
269 1557 336 1599 non
346 1557 419 1600 raro
429 1536 499 1599 sine
510 1533 703 1597 necessitate
714 1530 865 1596 eamdem
875 1531 1201 1619 neglexisse(t),aliai

175 1664 240 1732 que
252 1643 441 1721 Lectiones,
456 1642 576 1729 passim
591 1642 688 1704 etiam
704 1639 985 1728 elegantiores(2)‚
1001 1639 1200 1711 substituisse

172 1752 215 1813 At
237 1771 315 1813 vero
339 1771 414 1811 cum
436 1749 633 1824 existimem,
653 1768 671 1808 a
691 1746 822 1833 vulgata
842 1745 1002 1810 librorum
1020 1748 1198 1836 scriptomr

172 1854 345 1931 Lectione,
359 1852 420 1916 nisi
436 1866 575 1938 urgente
588 1850 796 1927 necessitate,
809 1871 876 1912 non
892 1871 963 1912 esse
975 1849 1197 1941 recedendum¹

173 1975 205 2022 et
219 1958 415 2022 Criticorum
429 1977 516 2029 esse,
531 1969 656 2017 textum
672 1951 828 2029 auctoris,
844 1974 911 2015 non
926 1952 1034 2040 ipsum
1047 1972 1195 2023 auctorat

173 2061 367 2140 emendare,
386 2059 551 2146 vulgatam
568 2057 774 2134 Lectionem,
792 2055 983 2144 ubicunque
996 2078 1016 2121 a
1029 2059 1194 2127 Burmann

171 2170 241 2234 sine
251 2191 363 2233 caussa
372 2165 541 2230 videretur
552 2185 622 2226 csse
633 2161 796 2249 neglecta,
808 2163 959 2250 reposui:
973 2185 1040 2252 quo
1051 2165 1084 2229 in
1093 2188 1192 2254 gener

171 2273 291 2361 passim
308 2270 507 2335 recentiores
524 2264 676 2330 Editorcs
692 2267 897 2353 praeiverant.
913 2266 1124 2335 Accedebant
1138 2273 1191 2339 Le

171 2376 278 2440 tiones
294 2370 425 2438 Codicis
442 2370 580 2447 Perotti,
596 2370 667 2456 qui,
686 2391 705 2432 a
722 2369 881 2435 Dorrillio
896 2371 930 2435 in
945 2372 1037 2437 Italia
1049 2393 1189 2464 repertur

172 2478 207 2542 in
221 2499 335 2541 manus
347 2473 482 2539 demum
496 2472 649 2538 veniebat
662 2474 854 2553 Burmanni,
870 2473 1023 2541 Editione
1037 2476 1138 2570 hujus
1151 2504 1188 2547 nr

168 2586 337 2675 jori,cu1n
352 2606 439 2647 novo
453 2582 696 2646 Commentario
705 2582 841 2673 jamjam
852 2583 1009 2672 impressa
1019 2585 1078 2670 (3),
1093 2588 1139 2653 ita
1149 2612 1186 2680 qr

172 2691 265 2771 dem,
277 2707 314 2756 nt
325 2692 395 2756 viro
407 2689 506 2755 docto
519 2711 586 2752 non
598 2688 728 2767 liceret,
740 2688 893 2755 meliores
904 2689 984 2756 dicti
995 2692 1127 2761 Codicis
1139 2698 1185 2765 Le

171 2802 277 2867 tiones
298 2800 331 2862 in
352 2821 427 2864 suos
446 2813 575 2861 vertere
596 2817 684 2861 usus.
704 2800 785 2862 Istas
805 2799 905 2886 igitur
922 2800 1112 2883 Lectiones,
1133 2828 1183 2896 qm

167 2904 237 2995 jam
252 2902 330 2968 olim
344 2925 397 2966 me
411 2901 573 2988 recepisse
588 2917 728 2980 constat,
747 2896 895 2991 quasque
909 2925 949 2966 ex
965 2921 1057 2992 parte
1070 2908 1127 2974 alii
1140 2932 1181 3000 po

172 3031 226 3073 mc
239 3024 330 3072 erant
343 3005 499 3096 amplexi,
516 3005 593 3068 istas
608 3019 641 3068 et
657 3005 691 3069 in
707 3003 768 3070 hac
783 3004 911 3071 Phaedri
926 3006 1078 3075 Editione
1092 3034 1180 3105 recep

173 3117 280 3201 Atque
295 3113 392 3177 etiam
406 3114 614 3198 Anonymum
627 3110 774 3189 Nllantii,
788 3133 888 3200 quem
900 3110 1028 3192 dicunt,
1041 3112 1178 3183 denunt

173 3217 312 3305 ligenter
324 3213 555 3282 excutiendum
566 3235 636 3279 esse
647 3213 802 3302 putabam
814 3239 820 3278 :
834 3214 867 3279 id
878 3215 969 3304 quod
978 3218 1100 3284 mirum
1110 3220 1177 3288 vidt

173 3336 282 3408 potest
295 3319 433 3397 nemini,
455 3318 512 3406 qui
524 3316 707 3405 ponderare
721 3317 815 3396 velit,
837 3342 911 3409 quae
925 3321 1024 3400 infra,
1043 3323 1079 3389 In
1092 3326 1175 3393 Notir

172 3428 327 3493 litteraria
339 3428 381 3493 dc
395 3425 549 3506 Phaedro,
562 3425 604 3490 de
616 3430 789 3516 Anonymo
801 3428 863 3491 isto
876 3431 1061 3495 notavimus
1072 3435 1127 3519 (4).
1140 3436 1173 3499 N.

174 3555 286 3621 paucae
300 3534 388 3597 enim
399 3531 495 3597 bonae
508 3532 594 3596 notar
606 3531 779 3595 Lectiones
791 3530 909 3597 fabulis
922 3532 1009 3598 illius
1020 3537 1172 3605 confirmr

174 3653 227 3703 tur
237 3639 294 3722 (5),
311 3655 343 3703 et
356 3639 477 3728 passim
487 3634 587 3700 habet
600 3635 788 3714 Lectiones,
803 3658 822 3700 a
834 3636 944 3702 multis
958 3639 1139 3727 neglectas,
1154 3664 1170 3709 s

207 3813 312 3885 (1)Vid.
326 3835 348 3867 e.
364 3835 387 3865 c.
398 3815 427 3866 L.
440 3816 466 3879 Ι,
477 3814 505 3865 F.
518 3814 562 3881 IV,
573 3813 604 3874 6;
615 3813 643 3864 F.
651 3814 699 3880 vl,
711 3813 743 3876 3;
754 3815 783 3866 F.
795 3813 867 3879 XIII,
883 3831 928 3877 10;
939 3816 966 3867 F.
979 3816 1077 3884 XXIII,
1090 3837 1120 3885 a,
1132 3835 1167 3873 ett

207 3892 313 3964 (2)Vid.
326 3896 354 3945 L.
366 3895 392 3958 Ι,
403 3895 431 3944 F.
443 3895 540 3960 XVIII,
552 3893 622 3955 5;L.
637 3896 673 3959 II,
684 3893 769 3960 F.VI,
784 3893 894 3956 r3sLir.
906 3897 951 3965 1v,
962 3895 1031 3963 RV,
1042 3896 1091 3964 41,
1103 3898 1166 3951 etal

207 3973 248 4044 (3)
258 3974 354 4038 Leiria,
369 3990 448 4042 1727,
459 3973 525 4038 in-d.

207 4049 247 4121 (4)
257 4051 308 4102 Ubi
319 4050 370 4102 vid.
382 4051 475 4119 Script.
488 4049 624 4102 Phaedrum
634 4049 806 4115 illustrantes,
818 4055 978 4124 antiquiores
988 4053 1037 4106 sub
1048 4054 1099 4106 Lit.
1112 4056 1142 4108 f.-

207 4130 246 4201 (5)
261 4130 302 4182 Sic
314 4132 391 4181 etiam
405 4130 432 4180 in
444 4127 506 4178 Fab.
523 4130 558 4178 III
573 4131 703 4201 Anonymi
716 4128 810 4199 legitur
820 4131 903 4201 fauce
917 4130 1048 4203 improba,
1060 4131 1122 4186 coll.
1139 4131 1163 4187 I’l

172 4211 225 4278 dri,
237 4212 264 4262 L.
278 4214 302 4277 I,
313 4211 341 4261 F.
354 4211 378 4275 I,
393 4207 425 4271 3;
437 4207 483 4260 ubi
493 4207 592 4260 ridell.
603 4210 632 4260 L.
644 4223 675 4263 ut
685 4210 787 4266 silentio
799 4225 950 4284 praeteream
961 4211 1021 4266 alia.
