2820 5018
184 477 247 541 510
526 456 790 528 excursus
814 440 888 525 vit

184 616 291 688 bitum,
305 608 417 671 omissa
427 602 537 686 copula
548 615 583 663 et.
597 601 675 678 Qua
686 598 773 662 lectio
787 620 852 662 non
864 614 967 683 potest
978 601 1118 664 admitti.
1131 605 1232 667 ὓωωι

183 706 268 768 enim
279 700 376 761 Faber
387 709 417 758 et
427 696 597 756 Burmann.
610 691 741 752 dubium
751 711 826 765 esse,
839 712 882 751 an
898 691 1003 752 toda-e
1013 693 1179 770 auriculas,
1189 717 1234 780 pru

183 797 303 875 eripere,
316 787 363 849 vel
375 786 500 864 arrigere
514 783 623 842 Latine
638 780 736 841 dicere
751 779 849 840 liceat.
864 781 990 842 Deinde
1008 781 1128 865 duplex
1143 785 1234 845 ablati·

183 904 240 942 vus
254 876 376 959 illepide
391 872 510 931 videtur
528 871 641 946 dictus,
663 892 716 929 nec
731 885 937 945 venustatem,
955 871 1013 930 sed
1031 873 1233 934 obscuritatem

183 972 275 1033 affert
291 965 400 1026 sensui.
416 962 556 1042 Denique
575 960 640 1020 lraec
658 959 745 1020 lectio
763 960 828 1019 vim
844 957 920 1020 facit
939 963 1061 1023 versui.
1082 965 1234 1025 Secundam

184 1062 268 1120 enim
279 1052 428 1136 syllabam
438 1047 573 1109 auricula
582 1048 674 1107 babet
684 1049 816 1107 brevem.
827 1047 937 1129 ltaque
947 1070 1059 1129 quum
1070 1053 1102 1111 in
1113 1052 1181 1113 Cod.
1190 1055 1234 1113 lla·

184 1147 255 1210 uiel.
270 1145 308 1203 sit
320 1137 485 1210 auriculum
500 1136 611 1219 Rigalt.
627 1137 707 1197 Edit.
724 1137 756 1210 33
772 1137 885 1212 Faber,
902 1139 1017 1200 Heius.
1034 1143 1231 1223 Hoogstratan

183 1234 235 1296 alii
252 1239 453 1311 reposuerunt
467 1223 609 1286 auritulus
614 1249 625 1299 ,·
638 1225 692 1284 etsi
709 1223 774 1284 haec
787 1244 845 1283 vox
858 1224 945 1307 apud
965 1225 1143 1289 Phaedrum
1153 1229 1230 1289 solum

184 1320 369 1385 inveniatur.
384 1315 439 1376 Sed
456 1313 550 1375 habet
563 1315 620 1374 Ov.
633 1316 711 1374 Fast.
725 1315 780 1390 Vl,
795 1313 869 1393 469,
885 1328 918 1375 et
935 1318 1051 1378 Amor.
1071 1321 1118 1395 11,
1128 1319 1227 1389 Ellll,

189 1413 239 1485 15,
253 1410 378 1477 auritio,
399 1424 454 1486 pru
472 1405 574 1478 asino,
591 1403 665 1462 adeo
682 1415 717 1462 ut
732 1403 837 1462 eadem
854 1402 961 1463 forms
979 1405 1049 1466 dici
1065 1410 1156 1490 possit
1166 1411 1227 1466 mri-

184 1498 275 1572 tulus,
290 1516 351 1576 qua
364 1494 475 1554 centies
486 1493 606 1566 Cicero,
619 1491 757 1551 Catullus
769 1491 820 1551 alii
832 1492 986 1553 dixerunt
1000 1494 1180 1570 barbatulus,
1188 1518 1227 1555 m·

183 1583 310 1655 sutulm,
327 1577 501 1653 eruditulus‚
518 1577 673 1662 politulta5
688 1592 717 1638 et
731 1579 877 1639 auritulus
891 1582 992 1642 unioe
1007 1605 1121 1645 rerum
1137 1606 1190 1645 erse
1201 1584 1230 1643 ri

183 1677 304 1738 deutur.
319 1669 422 1732 Nihilo
435 1691 506 1731 vem
523 1671 617 1729 secius
631 1670 756 1729 Brutier.
774 1683 881 1729 tuetur
899 1674 1078 1750 maetas,
1092 1690 1124 1735 et
1138 1697 1178 1735 vs.
1189 1695 1235 1757 sq.

184 1765 340 1827 clamomn
351 1774 381 1821 et
389 1758 492 1819 sulita.
504 1760 595 1817 Putat
605 1759 702 1833 enim,
713 1757 760 1818 rel
773 1757 946 1819 Phaedmm
959 1764 1237 1842 pmduxioenm·

184 1853 259 1913 dam
273 1848 424 1933 syllabam
438 1847 472 1905 in
487 1843 650 1920 auriculas,
663 1860 699 1905 ut
712 1859 744 1906 et
754 1845 938 1928 produxerit
951 1850 993 1908 in
1004 1851 1135 1932 auxitidis
1144 1851 1192 1910 lib.
1202 1851 1235 1923 11,

184 1942 249 2003 fab.
266 1942 319 2014 lv,
336 1939 369 2013 8,
389 1935 579 2016 quodetiam
592 1933 744 1996 Sebel'fero
761 1956 825 1997 uon
838 1936 1006 2019 displicet3
1022 1940 1071 2001 rel
1090 1941 1236 2023 geminasse

185 2032 320 2092 litteram
336 2049 367 2101 c,
382 2039 418 2085 ut
432 2024 485 2084 lib.
500 2025 559 2099 lll,
574 2024 637 2085 fab.
652 2026 765 2100 XVlll,
785 2027 835 2101 15,
852 2028 887 2085 in
903 2028 1058 2104 reccidat3
1070 2030 1117 2090 vel
1130 2029 1235 2090 demum

186 2120 331 2180 maluisse
341 2113 513 2176 trocbsmm
526 2136 582 2196 pro
592 2116 725 2197 spondeo
736 2136 860 2197 ponere.
873 2115 933 2176 Sed
943 2117 1016 2193 fac,
1029 2119 1158 2202 produci
1168 2139 1236 2201 pam

187 2209 338 2291 syllabam
350 2203 516 2266 secundam
528 2205 562 2263 in
574 2203 720 2264 auriculas
724 2229 735 2276 ‚·
748 2203 897 2265 Phaedrus
911 2219 1028 2268 tamen
1042 2210 1154 2291 peritus
1164 2208 1235 2267 latini

188 2297 339 2359 sermonis
355 2314 418 2353 non
433 2292 551 2365 fuisset,
566 2293 591 2349 si
605 2294 782 2372 scripsisset,
800 2290 877 2351 tollit
891 2295 1052 2354 auriculas
1063 2317 1133 2377 pro,
1147 2296 1234 2376 erigi,

187 2384 306 2463 arrigit.
319 2382 364 2440 Ex
373 2399 437 2461 quo
453 2378 649 2459 intelligitur,
662 2378 737 2457 quid
750 2378 954 2439 statuendum
968 2383 1013 2441 sit
1023 2382 1062 2442 de
1073 2382 1234 2443 emendatio

188 2496 229 2534 ne
240 2469 439 2542 Desbillonii,
448 2469 502 2548 qui
512 2487 618 2527 omnes
626 2487 711 2526 voees
721 2466 798 2526 Cod.
808 2465 891 2526 Pitlr.
903 2471 1052 2548 retineri,
1061 2487 1091 2533 et
1099 2472 1175 2532 salso
1183 2491 1234 2530 me·

189 2579 251 2634 tro,
262 2559 344 2618 salua
357 2571 386 2616 et
398 2559 569 2629 Latinitate,
583 2557 624 2616 sic
635 2556 694 2636 legi
711 2553 943 2639 possejadicat:

314 2693 432 2754 Fugientes
441 2693 488 2752 ipse
497 2693 617 2753 exciperet.
629 2690 750 2737 Aun'culas
760 2690 795 2738 lic
804 2701 827 2737 et

314 2757 440 2803 Clamorem
450 2758 524 2804 subito
534 2759 591 2806 tollit
602 2763 651 2806 totis
661 2761 753 2806 vr'ribus.

133 2926 137 2935 ·
188 2891 269 2951 Nam
282 2885 424 2946 voculam
436 2883 482 2945 hia
494 2900 567 2947 ante
578 2886 714 2947 vocalem
725 2900 804 2947 recte
815 2888 931 2970 corripi
949 2894 1075 2966 statuit,
1089 2906 1121 2950 ut
1136 2887 1227 2970 virgil.

190 2981 257 3040 AEn.
268 2978 325 3051 Vl,
341 2995 409 3056 79²·
423 2973 467 3032 Ne
480 2974 596 3049 dicam,
613 2975 772 3034 lectionem
789 2971 836 3034 tic
847 2976 1002 3038 aunuum
1013 3000 1076 3039 esse
1085 2977 1227 3060 elegantia

191 3089 270 3143 rem,
282 3080 313 3127 et
324 3065 362 3124 ad
376 3065 528 3146 poeticam
539 3065 690 3126 rationem
705 3063 846 3124 accedere
856 3067 1008 3148 propius.

231 3363 305 3422 lime
321 3358 426 3418 fabula
441 3359 474 3416 in
490 3378 620 3417 numeru
631 3378 737 3418 earum
750 3356 909 3434 habenda,
923 3361 1052 3442 quasin
1071 3360 1189 3446 prologo
1199 3359 1228 3417 ri·

188 3474 258 3515 sum
271 3469 391 3510 movere
403 3447 520 3507 dixerat
531 3444 686 3507 Phaedrus.
701 3447 844 3528 luprimis
851 3445 997 3527 jucunda
1008 3466 1054 3511 est
1066 3453 1164 3532 imago
1172 3447 1230 3508 aun'·

189 3542 262 3616 tuli,
274 3541 343 3600 totis
352 3538 467 3597 viribus
477 3538 642 3597 clamorem
654 3537 800 3610 tollentis3
812 3537 950 3599 ridemus
960 3540 1121 3622 profecto,
1133 3539 1229 3600 audieu-

189 3647 233 3692 tes
245 3630 367 3688 asinum
379 3625 549 3685 dicentem:
563 3626 662 3707 qualis
675 3627 728 3685 tibi
742 3625 862 3685 videtur
875 3648 974 3709 opera
987 3631 1074 3689 vocis
1088 3627 1175 3690 mete?
1186 3625 1229 3683 De

190 3723 281 3782 lectat
297 3734 390 3798 porro
404 3714 504 3771 ironia
518 3712 613 3772 leonis
629 3736 704 3774 vers.
727 3712 761 3789 αἱ
777 3728 808 3773 et
829 3715 872 3774 15.
884 3716 967 3777 Tota
984 3721 1129 3778 narratio
1145 3726 1231 3800 pretet

190 3820 302 3869 ceteras
321 3802 442 3880 elegans
461 3811 518 3872 est,
537 3800 561 3858 si
578 3802 731 3861 rationem
745 3800 857 3861 habeas
873 3804 1066 3867 Latinitatis.
1084 3804 1141 3866 Sed
1153 3817 1230 3885 gres·

191 3894 297 3959 fabula
316 3891 416 3972 aptius
434 3887 505 3948 ficta
519 3889 640 3950 videtur
658 3894 828 3971 Lessiugi03
848 3913 904 3953 nec
923 3894 993 3954 sine
1011 3917 1131 3957 caussa.
1149 3889 1232 3969 Fingit

189 3989 274 4050 enim
287 3984 424 4054 Graecus,
441 3982 575 4040 Leonem
589 3995 619 4041 et
632 3985 772 4055 Asinum,
789 3983 866 4042 inita
878 3984 1041 4061 societate,
1057 3988 1145 4047 ivisse
1157 4000 1234 4042 rena·

191 4095 269 4140 tum.
290 4072 335 4134 nd
355 4071 532 4153 speluncam
551 4087 653 4132 autem
675 4072 829 4153 aliquam,
849 4074 883 4132 in
900 4095 964 4154 qua
983 4075 1135 4137 silvestres
1150 4088 1234 4153 capre

193 4182 295 4241 erant,
308 4185 405 4247 quum
418 4164 583 4238 venissent,
597 4162 715 4222 leonem
729 4163 765 4221 ad
779 4185 812 4222 os
826 4164 983 4245 speluncae
995 4167 1179 4237 constitisse3
1189 4161 1234 4220 asi·

193 4277 270 4315 num
284 4255 500 4332 introgressum
516 4250 664 4310 insiluisse
677 4252 787 4331 capris,
802 4272 913 4333 easque
926 4272 1004 4315 voce
1019 4276 1078 4315 sua
1094 4251 1234 4314 terruisse-
