2820 5018
357 410 1050 503 CODICIBUSUMANUSCRIPTIS.
1180 423 1221 488 33

174 552 328 632 Pluedro,
340 570 515 638 temporum
525 552 736 635 injuria-paene
745 554 882 636 sepulto,
895 557 990 618 vitam
997 560 1153 625 restituere
1161 585 1225 627 esse

177 660 343 705 conatum.
353 645 432 706 falso
441 643 506 705 haec
519 643 578 704 dici
588 665 606 702 a
615 644 662 703 Cl.
671 645 791 719 Brutier,
804 644 887 704 facili
896 649 1022 728 negotio
1032 650 1225 736 intelligitur.

178 732 289 814 Neque
299 733 392 792 etiam
404 733 430 791 si
449 730 545 791 codex
566 727 677 790 Pithoei
697 750 729 790 re
749 751 821 790 vera
842 732 876 790 in
896 731 1099 817 Lotharingia
1121 761 1140 799 a
1159 743 1225 803 Jac.

179 817 349 881 Sirmondo
368 819 475 880 fuisset
496 821 656 895 inventus,
680 817 810 900 intelligi
833 834 932 902 potest
952 820 1018 882 lieri
1039 828 1174 906 potuisse
1192 845 1227 891 ut
1272 882 1274 886 a

179 906 322 970 Pithoeus
338 909 372 969 in
384 909 528 990 epistola,
549 908 680 968 editioni
699 928 761 968 suoe
777 908 918 989 praefixa,
931 912 1086 974 Sirmondi
1098 920 1229 980 mentio-

181 1017 256 1055 nem
267 995 380 1056 faceret
392 997 522 1056 omuino
537 995 658 1056 nullam
675 995 725 1076 (r).
741 996 837 1056 Istum
853 996 990 1058 codicem
1009 1005 1228 1086 perantiquum

181 1106 261 1159 esse,
273 1099 384 1167 praeter
397 1084 536 1146 Gudium
550 1098 580 1145 et
591 1086 775 1145 Brotierium
784 1083 912 1166 jamjam
930 1089 1121 1166 nominatos,
1139 1095 1229 1156 testes

183 1188 257 1234 sunt
271 1171 424 1250 Pithoeus,
443 1175 476 1235 in
491 1194 522 1235 re
534 1175 638 1235 critica
652 1175 916 1235 exercitatissimus
928 1175 982 1256 (a),
996 1176 1159 1258 Rigaltiu's,
1173 1185 1228 1263 qui

183 1260 295 1322 codem
306 1263 339 1323 in
347 1262 482 1324 curanda
490 1263 590 1344 prima
598 1261 720 1324 Phaedri
730 1261 874 1336 editione,
887 1283 971 1324 anno
988 1267 1062 1346 ¹599
1074 1269 1229 1351 impressa,

185 1370 259 1411 usus
272 1363 318 1412 est
330 1352 385 1428 (3);
400 1352 594 1410 Burmannus
606 1347 655 1429 (l)-
678 1348 799 1410 Phaedri
812 1348 875 1410 lab.
887 1352 925 1425 X,
938 1351 993 1412 lib.
1005 1353 1043 1426 V,
1055 1367 1099 1414 est
1120 1356 1231 1418 ultima

186 1443 218 1500 in
230 1440 442 1520 manuscripto
455 1435 536 1497 Pith.
546 1453 575 1498 et
585 1438 697 1498 desinit
707 1459 778 1500 cum
790 1440 856 1520 ipsa
865 1441 995 1522 pagina,
1007 1442 1073 1502 sine
1084 1444 1148 1504 ulla
1161 1444 1232 1505 fmis

187 1542 272 1586 nota.
284 1524 432 1602 Pithoeus,
444 1526 497 1607 qui
509 1525 648 1586 codicem
658 1527 864 1609 descripserat,
879 1543 1045 1610 antequam
1058 1531 1233 1592 inordinate

187 1613 293 1675 fuisset
304 1629 498 1698 compactus,
511 1617 610 1697 qualis
624 1638 708 1677 nunc
723 1633 782 1690 cst,
803 1638 967 1699 versusque
989 1606 1183 1696 distinxerat,
1199 1636 1234 1682 ut

189 1702 336 1764 Plraedrus
358 1707 439 1788 typis
454 1705 610 1781 ederetur,
626 1709 657 1766 in
672 1706 735 1767 line
754 1706 836 1766 illius
852 1707 1031 1790 exemplaris
1051 1709 1233 1770 adnotavit:
1313 1700 1316 1707 ,

190 1794 224 1851 ln
242 1795 280 1855 V.
302 1794 337 1853 G.
361 1793 518 1854 abscissum
542 1808 604 1855 erat
626 1794 746 1877 folium.
776 1785 822 1855 Es
850 1794 962 1876 quibus
990 1794 1102 1855 Pitlroei
1134 1798 1234 1858 verbis

189 1885 246 1944 viri
267 1883 352 1944 docti
365 1888 503 1966 sequenti
516 1900 654 1968 tempore
678 1886 883 1966 collegerunt,
896 1885 1033 1944 codicem
1046 1885 1159 1946 Pithoei
1170 1909 1236 1947 non

191 1993 252 2034 esse
275 1974 447 2053 integrum,
468 1990 498 2036 et
522 1975 649 2035 fortasse
673 1975 791 2055 aliquas
812 1972 933 2033 Phaedri
956 1972 1077 2033 fabulas
1102 1978 1235 2057 periisse.

191 2062 246 2123 Sed
259 2064 293 2121 in
309 2062 387 2122 lolio
398 2065 529 2125 abscisso
540 2064 585 2124 nil
597 2065 718 2125 videtur
728 2065 875 2144 scriptum
885 2062 986 2134 fuisse,
997 2064 1057 2122 nisi
1067 2061 1127 2123 hoc.
1139 2087 1145 2122 :
1157 2065 1237 2124 Pla»

192 2151 235 2212 dn·
250 2155 330 2235 Auq.
347 2151 441 2214 liberti
467 2153 539 2214 lilrer
553 2157 671 2236 quintus
689 2151 811 2234 explicit.
825 2152 904 2210 Nam
925 2166 954 2211 et
972 2153 1005 2210 in
1026 2157 1236 2236 manuscripto

191 2241 350 2317 Remensi,
370 2259 441 2325 post
453 2244 508 2303 lib.
523 2245 560 2317 V,
582 2242 644 2301 fab.
663 2243 699 2314 X,
719 2259 783 2301 erat
799 2239 1089 2322 scriptum:Plroedri
1107 2245 1183 2325 Anq.
1206 2241 1238 2303 li-

193 2329 264 2390 derti
281 2329 353 2391 fiber
362 2336 479 2411 quintus
489 2328 744 2414 explicitfeliciter.
766 2331 803 2388 D.
823 2332 949 2392 Vincent
969 2345 1087 2403 autem,
1109 2332 1162 2412 qui
1183 2333 1237 2391 fle·
1282 2366 1285 2373 ι

192 2437 331 2478 mensem
343 2416 427 2483 hunc
440 2419 577 2480 codicem
592 2417 742 2492 contulit,
762 2417 847 2476 addit
861 2440 867 2474 :
880 2415 907 2475 ll
917 2416 966 2497 n'y
979 2439 999 2476 a
1014 2420 1096 2498 point
1107 2415 1239 2499 defenil·

193 2506 230 2568 let
237 2506 332 2590 perdu
342 2512 393 2589 qui
402 2511 497 2589 perisse
506 2505 681 2592 fuirejuqer
696 2528 751 2586 que
768 2505 890 2566 d'autoes
901 2504 1000 2589 falles
1017 2509 1096 2565 aient
1107 2510 1150 2566 e'te
1162 2509 1240 2567 aussi

190 2699 222 2731 en
248 2678 316 2733 1562
339 2677 365 2732 la
384 2680 454 2733 riclte
470 2682 647 2754 ⁸bibliotltique
666 2681 698 2733 de
737 2699 804 2751 coup
826 2680 859 2733 de
884 2681 1098 2746 uraisemblance,
1121 2694 1157 2734 cst
1179 2681 1241 2734 tirde

188 2757 379 2812 Satur-Benotr
389 2780 434 2812 sur
443 2758 521 2813 lOise
526 2784 535 2821 ‚·
548 2780 580 2813 on
591 2760 639 2811 suit
648 2778 698 2830 que
737 2759 815 2810 d'une
824 2759 964 2812 excellente
973 2761 1139 2812 dissertation
1150 2763 1240 2816 surlet

191 2838 285 2889 Piem
297 2837 408 2905 Daniel,
420 2849 511 2890 avocat
524 2837 658 2890 d’Orleans
673 2847 699 2887 et
739 2853 831 2910 quatre
845 2843 1000 2890 manuscrits
1015 2839 1048 2891 de
1063 2840 1177 2907 Plredre,
1191 2863 1242 2914 par

189 2917 269 2970 tattti
284 2919 317 2969 de
333 2929 397 2969 cette
412 2918 522 2988 abbaye,
535 2916 698 2989 parantitdu
738 2919 777 2968 M.
781 2917 877 2986 lAdry,
894 2918 985 2967 aricien
1003 2916 1192 2970 bibliothecarius
1210 2922 1241 2972 de

190 2997 325 3070 naufmpe
347 2995 472 3070 plusieurs
494 2997 643 3046 murruscrits
668 2994 699 3045 de
739 2995 1058 3068 I'Orntoire,·elleaparu
1070 2998 1240 3050 (110316Μο-

190 3088 261 3129 oette
273 3075 460 3149 bibliotheque,
473 3077 535 3127 dont
547 3073 599 3126 l'un
612 3086 701 3126 conte·
739 3077 814 3144 pasin
832 3072 1062 3146 Encyelopedique
1082 3077 1112 3127 de
1132 3076 1240 3143 Millin,

192 3159 254 3210 nit
270 3155 307 3209 les
317 3157 384 3208 deux
397 3159 454 3209 tiers
467 3157 504 3205 du
514 3156 628 3225 premier
637 3154 701 3205 liure
741 3166 809 3208 tome
821 3156 854 3206 ΙΙ
862 3155 927 3206 dela
937 3156 1040 3205 sixteme
1050 3156 1132 3206 annea
1141 3155 1240 3228 (1800).

192 3239 239 3290 des
245 3236 335 3307 falles
347 3236 379 3286 de
390 3236 505 3295 Plre'dre‚·
518 3234 643 3306 lessre'res
654 3233 701 3284 Pi·
742 3234 781 3284 M.
793 3233 915 3285 Schwabe
926 3232 959 3284 l'a
969 3250 1070 3284 connue
1079 3234 1167 3302 depuis
1177 3234 1243 3286 l’im-

195 3318 261 3369 tlrou
272 3316 371 3368 etaient
382 3320 429 3369 tres
441 3315 486 3367 lies
497 3334 558 3366 avec
569 3312 667 3366 Daniel
677 3326 701 3366 et
740 3313 851 3385 pressiore
873 3313 904 3362 de
924 3322 988 3363 cette
1005 3314 1111 3372 ll'otice‚·
1134 3333 1197 3365 nous
1217 3315 1243 3365 la

192 3414 260 3447 avec
275 3395 401 3468 plusieurs
409 3404 577 3466 pmtestants;
597 3393 618 3445 il
635 3394 702 3446 estis
740 3389 875 3461 placemus
892 3392 909 3440 ὰ
928 3391 954 3441 la
966 3389 1010 3461 fin
1030 3390 1061 3440 de
1079 3401 1144 3442 cette
1158 3394 1243 3444 notice

195 3475 281 3527 croire
295 3493 346 3546 que
362 3472 481 3537 Franpois
498 3472 595 3522 Pithon
611 3472 701 3522 achera
741 3470 927 3540 preliminaire.
942 3471 1006 3540 (B.)

199 3556 265 3606 dans
280 3554 344 3605 cette
359 3554 529 3606 circonstance
546 3548 570 3602 le
581 3551 703 3620 precieux
777 3547 817 3618 (r)
839 3547 1009 3615 Desbillonii,
1035 3551 1108 3622 llisp.
1134 3553 1186 3618 111,
1208 3551 1243 3604 de

203 3633 346 3684 manuscrit
367 3636 401 3684 ou
419 3651 443 3684 se
464 3631 607 3682 trouvaiertt
626 3641 705 3697 tontes
744 3629 1065 3701 Editt.l’haed1i,p.xxrv.

207 3712 242 3764 ier
251 3709 340 3782 falles
352 3710 384 3760 de
398 3708 512 3770 Pisum
525 3706 546 3758 il
559 3707 599 3759 n'a
606 3708 705 3780 jamnis
778 3709 818 3780 (a)
827 3709 951 3776 Fabricii,
962 3712 989 3762 B.
1000 3713 1028 3762 L.
1037 3715 1068 3764 ’1.
1079 3714 1115 3778 11,
1124 3732 1184 3785 pag.
1198 3715 1245 3782 26,

208 3792 245 3842 dit
251 3791 275 3843 d
274 3798 309 3844 οὺ
320 3790 341 3842 il
351 3790 388 3843 lui
398 3792 497 3849 uenait,·
505 3809 568 3842 cetu
576 3791 623 3863 qui
633 3788 658 3842 le
667 3787 706 3840 lui
744 3789 812 3841 Edit.
823 3790 922 3841 Ernest.

209 3883 253 3922 ont
268 3872 365 3937 wudu,
382 3884 428 3924 ont
443 3873 556 3925 euauni
571 3871 596 3923 la
613 3872 705 3924 discre-
779 3866 818 3938 (3)
840 3868 930 3920 Dedic.
956 3868 1060 3939 Rigaltii
1087 3870 1121 3923 ad
1141 3871 1244 3925 Thuan.

211 3951 261 4001 tion
274 3951 305 4001 de
317 3969 349 4000 ne
359 3963 543 4019 passevnnter
551 3951 583 4001 de
595 3950 652 4002 leur
661 3948 707 4001 dt·
744 3952 840 4021 praelix.
866 3950 933 4002 Edit.
955 3950 1118 4004 Weclrelian.
1142 3954 1244 4004 Hanov.

210 4042 330 4081 convene.
352 4029 378 4082 θ’
379 4042 414 4082 est
424 4030 491 4081 ainsi
505 4049 554 4103 que
572 4029 608 4082 les
623 4029 706 4082 choses
749 4030 926 4095 1603‚tn-12.

214 4127 238 4159 se
250 4121 347 4178 possent
362 4111 426 4163 dans
443 4112 473 4162 de
491 4109 537 4163 tels
552 4111 707 4163 bouleuersc-
781 4112 820 4182 (l)
836 4114 865 4164 ln
882 4114 954 4167 Praef.
971 4113 1038 4167 Edit.
1055 4112 1139 4166 Leidoe
1158 4127 1245 4163 excat·

217 4199 305 4250 uentu
319 4202 383 4241 cette
394 4190 537 4259 conjecture
546 4190 594 4265 qui
604 4211 621 4243 a
632 4190 708 4243 beau·
750 4206 826 4260 1727,
835 4190 913 4256 ira-4⁰.

285 4291 305 4329 t.
751 4278 753 4283 '
1053 4275 1069 4324 3
