2820 5018
174 460 237 541 542
495 444 763 513 EXCUllSUS
785 446 902 511 XVII

171 621 227 682 que
244 618 275 657 se
292 590 418 677 posthac
433 586 597 669 appellari,
617 606 656 645 ne
674 605 691 642 a
710 583 815 645 liberis
828 584 979 668 quidem,
996 602 1057 647 aut
1074 588 1229 670 nepotibus

172 689 250 760 suis,
261 683 310 743 vel
322 681 410 753 serio,
422 677 469 736 vel
480 674 551 756 joco
566 695 671 756 passus
683 684 736 733 est
746 699 762 730 n
777 673 878 734 Simili
893 674 994 736 modo
1004 675 1149 736 Tiberius
1159 696 1230 735 aen·

173 777 213 835 be
226 773 409 854 increpuisse
422 786 485 838 eos,
497 766 551 844 qui
569 766 670 844 ipsum
684 762 835 822 domiuum
849 761 1019 838 dixerant,
1031 763 1148 823 dicitur
1157 786 1173 823 a
1182 765 1229 823 ‘la-

174 866 236 925 cito
248 867 328 922 Ann.
342 858 394 917 lib.
408 857 452 927 ll,
465 875 531 935 cap.
547 857 596 932 87.
611 854 669 911 Cui
683 853 809 911 assentit
821 853 952 912 Sueton.
969 854 1132 925 scribens,
1142 853 1227 911 Tibcr.

175 972 242 1032 oap.
260 946 380 1007 XXVll.
399 968 413 996 α
424 943 568 1000 Dominus
584 937 755 1020 appellatus
771 959 788 996 a
804 937 949 1018 quodem
965 940 1184 1014 denuntiavit,
1196 960 1229 998 ne

175 1062 209 1101 ae
229 1035 376 1116 amplius,
399 1027 595 1090 contumeliae
615 1048 737 1100 caussa,
759 1029 981 1088 nominaret.»
1006 1029 1131 1090 Eodem
1151 1031 1228 1107 igitur

175 1125 267 1187 modo
279 1125 304 1181 'l
306 1122 418 1181 iberius
434 1140 452 1177 a
467 1114 597 1176 Plraedro
611 1117 717 1175 vocari
734 1116 836 1196 potuit
849 1117 1018 1178 Dominus.
1037 1120 1141 1198 Atque
1150 1118 1225 1175 etiam

175 1213 325 1294 conjicere
334 1210 420 1282 licet,
429 1206 605 1278 Tiberium,
616 1207 669 1284 qui
681 1219 763 1278 tum,
774 1224 874 1285 quum
887 1205 1053 1267 Pbaedrus
1064 1206 1146 1267 banc
1155 1206 1224 1265 labs-

175 1305 238 1365 lum
257 1300 419 1371 scriberet,
441 1299 474 1356 in
491 1295 645 1355 bonorum
662 1294 841 1375 Principum
860 1314 1006 1355 numero
1025 1317 1096 1357 non
1115 1294 1221 1376 emplius

176 1408 241 1454 erat
253 1386 430 1459 habendus,
443 1405 461 1443 a
475 1397 580 1465 poeta,
593 1381 740 1441 adulandi
751 1381 854 1441 studio
866 1382 1025 1467 abrepto,
1038 1384 1133 1444 facile
1142 1379 1220 1464 appel·

176 1482 234 1541 lari
251 1480 381 1561 potuisse
396 1478 568 1535 Dominum.
584 1472 655 1531 Post
669 1470 783 1531 Tiberii
799 1484 942 1553 tempora
960 1473 1220 1556 lmpemtoresllo

177 1571 262 1630 mani
275 1586 391 1627 nomen
404 1565 525 1624 Domini
539 1582 687 1642 usurpare
697 1573 872 1641 coeperunt:
883 1561 977 1641 quod
988 1565 1134 1643 primum
1143 1561 1223 1620 fes*

177 1656 367 1737 Caligulam,
392 1665 519 1712 testatur
543 1649 681 1709 Aurelius
700 1651 807 1708 Victor
828 1651 880 1728 (ι).
905 1649 975 1725 Qui
999 1648 1121 1711 domini
1138 1646 1225 1708 titulus

177 1746 288 1807 deinde
302 1768 320 1805 a
336 1744 514 1803 Domitiano
530 1752 573 1798 est
589 1751 768 1812 renovatus,
785 1750 860 1797 teste
875 1738 1019 1799 Eusebio
1037 1742 1072 1799 in
1089 1737 1226 1800 Chronico

177 1857 210 1917 p.
231 1838 284 1895 163
301 1835 351 1912 (a).
370 1833 495 1889 lluncce
512 1829 732 1909 Imperatorem
749 1826 902 1887 Martialis
918 1828 1068 1910 appellet
1082 1830 1224 1888 Domum

177 1936 207 1984 et
222 1925 318 1983 Deum
332 1918 383 1997 (3).
398 1916 454 1976 Sed
469 1918 669 1998 lmperatores
686 1916 820 1973 llomani
833 1918 941 1975 vocari
956 1937 1092 1998 quoque
1106 1914 1226 1975 solebant

179 2017 281 2074 Duces.
297 2013 344 2070 lta
355 2006 489 2068 Velleius
502 2004 544 2084 (4)
558 2018 677 2076 narrat,
692 2004 803 2064 milites
818 2003 984 2066 seditiosos
997 2009 1225 2089 quaesivissem

179 2123 254 2163 vum
266 2103 377 2159 Ducem
384 2141 392 2169 ,
408 2095 463 2154 ubi
476 2095 636 2154 Tiberium
648 2092 800 2173 intelligit.
816 2093 856 2152 Et
867 2093 967 2153 ovid.
984 2097 1014 2169 l,
1030 2098 1111 2155 Past.
1122 2094 1185 2165 613,
1195 2091 1226 2150 de

180 2192 315 2267 Augusto
329 2210 336 2244 :
352 2194 458 2263 ouqeot
473 2184 625 2262 imperium
642 2184 737 2241 nostri
752 2181 846 2239 Ducis
861 2194 976 2262 auqeot
992 2202 1091 2242 armos
1104 2183 1154 2260 (5).
1168 2181 1225 2238 lluc

180 2295 307 2356 quoquc
323 2269 501 2331 referendus
518 2268 602 2329 locus
619 2268 722 2328 Ovidii
739 2269 800 2349 (6):
819 2269 923 2344 «Quae
940 2290 1035 2330 nunc
1050 2270 1109 2329 sub
1125 2266 1226 2329 Pboebo

180 2362 377 2442 Ducibusque
392 2359 509 2418 Palatia
524 2355 658 2439 fulgent,
668 2383 682 2413 n
700 2357 753 2417 nbi
768 2356 967 2437 intelligendi
982 2360 1137 2439 Augustus
1148 2370 1175 2415 et
1184 2355 1225 2412 ll·

180 2452 298 2524 berius,
310 2468 385 2529 quos
395 2458 488 2529 poeta
499 2445 589 2506 titulo
600 2449 690 2505 Ducis
702 2445 849 2527 insignire
861 2465 931 2505 non
943 2444 1089 2519 dubitet,
1101 2445 1155 2505 nisi
1165 2461 1224 2502 mm

181 2541 361 2597 Bunnanno
379 2537 489 2595 Caium
505 2549 535 2596 et
554 2537 683 2595 Lucium
700 2533 788 2593 malis
805 2533 1003 2614 intelligere,
1025 2554 1114 2616 quem
1132 2530 1167 2590 ad
1184 2528 1225 2587 lo·

180 2648 251 2687 cum
269 2626 372 2683 Ovidii
388 2628 516 2684 citatum
533 2625 674 2684 consules
691 2626 747 2704 (7);
765 2622 878 2683 collato
894 2624 1016 2684 eodem
1029 2623 1066 2684 ad
1079 2620 1158 2681 Orid.
1169 2619 1218 2696 Ep·

182 2716 269 2787 Xlll,
283 2711 331 2787 43.

455 2828 791 2917 EXCURSUS
817 2828 965 2917 XVII

456 3046 507 3097 AD
525 3045 631 3096 LlBlll
648 3046 674 3095 ll
693 3045 875 3097 FABULAM
894 3046 962 3095 Vll.

223 3237 272 3295 Vs.
290 3238 318 3295 8.
336 3232 452 3293 cerdon.
472 3230 622 3291 llleursius
641 3232 758 3311 scripsit
774 3229 919 3311 pnrdom,
938 3233 1021 3312 quia
1042 3229 1132 3292 nulla
1148 3224 1221 3287 seda*

182 3324 262 3384 lacta
277 3327 329 3399 sit,
343 3321 395 3381 sed
410 3325 491 3381 intra
503 3319 707 3402 direptionem
721 3319 863 3380 fiscorum
878 3320 924 3379 vis
939 3324 1050 3382 omnis
1065 3318 1221 3383 constiterit.

216 3520 256 3590 (r)
268 3521 307 3571 De
319 3521 382 3572 Cas.
395 3540 453 3591 cap.
467 3523 509 3572 lll.
525 3545 535 3567 ι
547 3523 575 3572 1η
586 3522 685 3591 princi·
761 3520 800 3592 (5)
814 3519 905 3571 Conir.
915 3520 1077 3572 Perizonius
1088 3521 1116 3570 in
1127 3510 1219 3587 Epidssh

182 3598 685 3670 patutalisfni1,ntnonimmeritovul·
726 3600 775 3663 lll,
799 3597 832 3650 nd
859 3599 919 3650 Nic.
951 3600 1099 3651 Heiusinm
1125 3601 1150 3649 in
1172 3597 1220 3645 sn

181 3692 299 3749 paretur,
312 3681 466 3729 atrociorem
482 3677 526 3730 illo
538 3678 686 3749 (Caligula)
725 3679 813 3731 manni
829 3676 925 3749 Syllofl·
943 3679 1016 3750 Epp.
1033 3692 1102 3731 tom.
1117 3681 1159 3739 lv,
1174 3690 1220 3746 Μ·

182 3759 316 3810 dominum
332 3776 385 3808 non
399 3759 486 3808 luisse.
501 3781 511 3801 n
529 3757 615 3821 Adde,
629 3778 686 3829 quac
727 3759 785 3829 738.

182 3852 256 3890 notat
270 3838 442 3908 Sponlrcrnins
455 3839 522 3888 Diss.
538 3837 683 3904 x11,dev.
760 3837 798 3905 (6)
810 3838 864 3886 art.
879 3836 938 3885 Am.
952 3835 1001 3887 lib.
1015 3838 1068 3899 lll,
1086 3855 1143 3908 119.

182 3932 208 3970 et
219 3920 246 3969 P.
261 3918 293 3967 N.
305 3916 362 3967 Vol.
376 3919 412 3982 ll,
424 3937 450 3988 p.
463 3917 523 3982 482.
760 3912 799 3985 (7)
815 3915 852 3965 llo
864 3914 942 3965 titulo
960 3916 1091 3981 Domini,
1103 3914 1158 3965 n'de
1169 3928 1222 3981 quo-¹

217 3996 256 4068 (a)
268 3997 308 4048 cf.
321 3995 460 4066 Sponhem.
475 3996 490 4046 l.
506 4016 527 4047 c.
725 3993 813 4046 laudnt
822 3994 971 4065 Scriptores
980 3995 1119 4047 Gesnems
1128 3990 1222 4045 inTbes.

217 4075 255 4145 (3)
269 4076 325 4127 lib.
336 4078 368 4137 V,
382 4076 429 4145 Ep.
445 4091 505 4141 rm,
524 4095 545 4127 r.
561 4075 683 4128 Edictum
725 4076 752 4124 L.
771 4075 798 4124 1..
819 4072 878 4124 roll.
898 4074 1067 4145 Spnnbemio
1090 4074 1122 4125 ‹lc
1140 4073 1186 4122 lfsn
1202 4078 1223 4114 et

181 4156 287 4208 Domini
298 4157 399 4229 Deiqne
412 4158 499 4208 nostri.
724 4157 871 4207 Prostanna
885 4156 1017 4207 Nnmism.
1036 4156 1098 4207 Vol.
1116 4157 1149 4217 ll,
1164 4151 1222 4202 Dis<-

216 4234 255 4303 (4)
266 4235 321 4287 Lib.
336 4237 370 4301 ll,
382 4254 440 4308 cap.
458 4236 515 4289 125.
724 4238 784 4299 llll,
795 4256 821 4306 p.
836 4236 886 4301 482
900 4253 956 4306 sqq.
