2820 5018
176 448 239 529 on
486 434 750 502 excussos
772 434 919 499 xv111

174 590 260 650 euim
274 595 333 656 est,
348 581 401 662 qui
417 576 551 653 dubitet,
568 596 610 634 an
625 573 718 648 liber,
735 595 753 634 a
767 595 801 634 se
814 576 974 658 scriptus,
993 588 1192 660 per-rentums
1203 579 1235 636 sit

175 676 216 738 ad
231 692 319 735 aures
335 667 416 751 ejus,
434 666 472 726 ad
490 686 581 747 quem
599 684 671 724 eum
687 662 805 722 librum
821 663 973 746 scripsit?
990 666 1075 746 Ergo
1091 664 1141 725 ille
1154 664 1233 725 homo

175 761 341 847 singularis
357 771 387 817 et
398 768 496 817 certus
506 773 570 813 esse
581 771 645 811 uon
657 753 767 833 potuit
782 754 822 811 Δῑ
835 753 863 811 si
877 750 1068 834 subjectum
1080 775 1198 835 vagum,
1207 753 1231 813 b.

176 852 340 913 electores
351 847 506 916 universe,
522 839 654 920 intelligi
666 838 765 900 voluit
776 855 905 914 auctor3
920 854 1022 917 tum,
1039 858 1076 904 ut
1090 865 1157 904 vere
1169 842 1231 902 vidit

176 939 341 1023 Rigaltius‚
357 933 460 1014 aliqua
478 930 605 1004 desunt,
623 942 676 989 aut
689 928 838 1012 'corrupta
857 930 1032 993 videntur.
1049 934 1152 1015 Neque
1162 934 1230 993 enim

176 1034 331 1112 ignorasse
349 1020 505 1104 putandus
522 1030 567 1077 est
587 1016 751 1099 Rigaltius,
772 1018 950 1100 probatam
977 1042 1048 1081 esse
1070 1021 1229 1093 dictioum3

173 1119 320 1202 persertim
335 1112 376 1173 ad
389 1130 474 1171 noers
489 1103 629 1189 alicujus,
644 1107 756 1188 dequo
774 1128 814 1167 ne
829 1109 1036 1171 semidoctus
1053 1110 1171 1192 quidem
1184 1109 1227 1169 da

174 1205 300 1277 bitavit‚
319 1200 435 1261 nedum
452 1195 617 1276 Rigaltius3
639 1193 690 1254 sed
709 1197 828 1255 acutius
845 1193 954 1258 bomo
977 1197 1097 1260 doctus
1112 1199 1188 1272 vidit,
1200 1213 1226 1267 μ

174 1291 295 1375 aliquid
310 1288 410 1349 deesse
423 1283 629 1346 subodoratus
644 1297 696 1344 est
710 1284 871 1344 Nimirum
887 1286 926 1345 in
946 1305 1092 1348 numero
1109 1287 1223 1348 lectorm

176 1383 230 1445 alii
251 1392 323 1441 sunt
344 1375 531 1457 intelligentes
551 1388 581 1432 et
604 1371 747 1448 benevoli,
768 1371 821 1433 alii
841 1375 963 1456 stupidi
985 1390 1020 1437 et
1044 1375 1173 1437 molend
1187 1376 1221 1434 lle

176 1467 398 1556 posterioribus
414 1477 520 1525 auctor
536 1484 613 1523 vers.
634 1464 683 1537 15,
699 1465 743 1522 ita
755 1486 761 1522 :
773 1464 829 1524 Sin
841 1477 950 1524 autem
965 1467 1109 1546 (scilicet
1119 1468 1221 1543 micul:

177 1583 213 1624 oc
226 1561 281 1621 illis
293 1559 392 1620 docnts
405 1567 535 1617 occurret
546 1552 629 1612 labor
642 1552 774 1629 (scilicet
788 1573 892 1629 meus,
910 1553 979 1617 hoc
991 1571 1041 1618 est
1058 1556 1188 1634 fabule),
1199 1559 1222 1613 ὀμ

177 1654 269 1711 nona
284 1669 355 1732 quos
374 1648 405 1706 in
421 1643 512 1704 lucem
529 1655 635 1702 notum
648 1639 750 1702 extulit
761 1640 840 1719 (hoc
853 1656 900 1703 est
914 1646 1095 1728 stupidis),
1111 1646 1223 1725 necque

177 1759 268 1822 quam
284 1748 416 1820 possum,
436 1733 492 1792 nisi
513 1731 641 1791 meliores
659 1750 774 1812 cuspm
787 1727 870 1808 (boc
891 1745 943 1792 est
961 1733 1153 1811 malevolis)
1169 1734 1224 1809 Quis

178 1848 246 1889 non
260 1827 380 1899 statim,
394 1821 442 1883 his
456 1821 555 1895 lectis,
565 1830 748 1900 auguretur,
757 1821 878 1901 opponi
888 1823 924 1880 in
937 1825 1108 1905 prioribus
1116 1824 1224 1889 debriss

176 1916 304 1978 lectores
319 1911 522 1993 intelligentes
538 1923 569 1968 et
585 1907 765 1968 benevolos?
780 1910 827 1969 De
843 1907 1010 1974 lectoribus
1025 1911 1225 1974 benemlendbu

176 1998 295 2078 vs.'13,
312 2003 385 2083 agit.
403 2001 544 2076 Quorum
565 1999 650 2057 enim
665 1997 789 2057 animus
804 1996 937 2058 fabulas
956 2014 1026 2062 arte
1043 2001 1128 2063 fictas
1142 2002 1224 2071 sentit,

180 2096 201 2154 ii
221 2105 295 2153 sunt
314 2087 467 2150 benevoli.
488 2087 568 2146 Nam
589 2084 729 2145 malevoli
749 2086 783 2145 in
803 2085 949 2149 aliorum
970 2090 1137 2151 virtutibus
1153 2109 1225 2150 seor

178 2183 271 2241 tiunt.
289 2179 382 2259 Atqui
398 2173 477 2236 nihil
498 2174 596 2247 adest,
618 2171 700 2253 quod
720 2173 913 2255 respoudeat
934 2180 1045 2240 versui
1068 2179 1111 2239 16.
1126 2179 1180 2257 Ego
1192 2175 1222 2234 lo

180 2289 252 2329 cum
270 2286 429 2338 mancum,
447 2264 525 2322 sieut
542 2261 672 2342 Rigaltio
688 2274 732 2320 est
748 2264 845 2338 visus,
865 2265 911 2324 ita
931 2269 1087 2328 restituo:

304 2397 327 2439 st
337 2407 443 2440 nostrum
452 2390 554 2436 storbon
564 2388 594 2436 ad
603 2404 671 2435 aures
681 2391 787 2451 pertenit
796 2402 863 2447 turs,
887 2396 889 2401 ⁴

307 2463 379 2522 Quem
387 2459 482 2524 protulit
483 2459 566 2524 setuto
576 2467 658 2504 notum
668 2459 752 2514 siden,

306 2534 333 2577 lit
342 2545 392 2578 arte
402 2532 466 2576 licus
475 2531 567 2575 suimus
576 2530 645 2576 scutit
653 2527 756 2582 tabulis,

306 2604 405 2647 Omnem
415 2598 534 2662 querelem
543 2598 664 2646 submovet
672 2596 776 2648 felicitas.

184 2722 288 2780 Potest
303 2717 381 2777 alius
397 2718 503 2777 locum
519 2716 609 2776 aliter
625 2716 778 2800 supplere,
795 2732 891 2799 atque
909 2727 1014 2785 etiam
1029 2741 1159 2807 querere:
1172 2739 1216 2776 en·

184 2828 247 2867 non
264 2804 394 2865 Phaedro
415 2806 550 2878 licuerit,
571 2820 624 2865 aut
644 2805 772 2865 alteram
792 2821 918 2889 portem
942 2815 1093 2884 omittere,
1110 2830 1141 2869 es
1157 2804 1218 2866 serie

184 2899 334 2959 orationis
357 2895 576 2979 supplendam,
600 2910 653 2955 aut
677 2917 730 2977 per
749 2916 815 2971 eos,
837 2919 974 2978 quorum
996 2906 1109 2963 animus
1122 2895 1219 2984 fabulas

184 2988 337 3070 artefictas
346 2990 444 3060 sentit,
457 2999 640 3066 utrumque,
655 2999 684 3044 et
700 2984 929 3065 intelligentem
943 3007 975 3051 et
990 2991 1174 3062 benevolum,
1184 2990 1219 3044 in-

185 3075 304 3136 dicare?
316 3077 354 3133 At
369 3074 443 3135 tolle
457 3095 577 3133 versum
594 3075 756 3148 insertum,
775 3095 830 3134 nec
848 3074 1004 3153 habebis,
1024 3100 1087 3160 quo
1101 3077 1219 3138 refero«

187 3184 262 3222 vers.
282 3163 315 3220 13
330 3164 384 3240 (t),
398 3183 453 3221 nec
471 3160 558 3219 facile
574 3159 724 3241 expedies,
740 3182 804 3243 quo
821 3161 982 3226 referatur
999 3179 1068 3228 tuas
1082 3188 1122 3225 rs.
1140 3186 1165 3223 m
1179 3164 1217 3241 (d.

173 3359 281 3422 ‘practer
303 3352 454 3421 opinionem
474 3362 500 3400 et
523 3351 694 3419 exspectatio·
732 3368 759 3401 se
784 3351 924 3419 fictarum,
945 3358 1083 3427 percipis3
1104 3364 1152 3404 arte
1163 3347 1219 3423 few

189 3450 249 3482 nem
265 3449 351 3482 meam
365 3450 417 3484 non
435 3431 540 3502 legeris,
558 3429 693 3482 habebunt
731 3431 836 3482 unimus
858 3434 941 3484 sentit
957 3433 1108 3504 fabulas),·
1129 3450 1165 3494 so,
1184 3439 1218 3476 «ὓ

189 3524 260 3561 certe
274 3513 388 3580 posteri,
402 3530 455 3582 quo
469 3529 497 3562 se
511 3508 651 3562 oblectent.
667 3510 692 3561 si
733 3510 850 3561 Provoco
861 3508 897 3560 ad
906 3509 1057 3579 lectorem,
1067 3502 1220 3564 annonindia

190 3609 269 3660 porro
280 3591 375 3659 lingas,
386 3611 501 3656 servum,
509 3611 586 3662 quem
596 3605 694 3641 veteres
734 3610 761 3641 re
775 3587 852 3641 simili
863 3602 978 3641 utantur
992 3592 1118 3643 formula.
1131 3585 1220 3642 Sclffil·

191 3667 313 3719 dicebaut
323 3669 505 3738 Anagnosten,
516 3670 637 3732 domino,
648 3687 693 3720 seu
768 3668 807 3739 (ι)
815 3666 846 3718 'ri
859 3681 885 3720 ct
894 3671 923 3721 in
936 3670 1058 3723 lectione
1068 3665 1222 3741 vulgatabent

191 3751 304 3799 Patrono
320 3748 419 3799 l‘bredri
432 3749 577 3820 praelegisse
590 3748 695 3801 fabulas
731 3750 817 3820 jungit
832 3767 868 3799 vs.
893 3765 925 3799 ια
949 3769 1016 3801 cum
1036 3770 1074 3803 rs.
1096 3750 1138 3812 13,
1154 3761 1177 3796 ut
1191 3760 1222 3792 au

191 3829 266 3898 (Vid.
279 3830 361 3881 Notas
372 3829 405 3880 ad
415 3849 438 3880 v.
455 3831 615 3901 12),utique
627 3829 695 3880 l‘lue·
735 3825 881 3879 recedentia
888 3826 1104 3900 docent3postet
1113 3820 1224 3880 eninwlt

175 3920 179 3928 “
191 3907 253 3960 drus
262 3907 347 3960 dicere
358 3921 461 3978 poterat
471 3910 497 3959 in
508 3907 690 3960 lledioatione:
735 3905 898 3960 audiendum
905 3908 936 3960 si.
944 3908 1007 3960 Vid.
1018 3911 1083 3962 Not.
1092 3907 1186 3960 advers.
1195 3900 1225 3952 13·

194 3990 278 4042 Wenn
296 3989 381 4040 meiere
394 3989 489 4041 Fobeln
506 3990 548 4040 dir
560 4009 592 4038 zu
608 3989 694 4040 olma
734 3985 849 4039 Sciunt

192 4071 327 4134 iommen,
338 4073 393 4122 und
402 4071 437 4122 du
450 4091 486 4122 on
498 4070 632 4121 denselben
645 4072 696 4122 Ge»
769 4064 808 4132 (a)
823 4064 884 4114 Nou
900 4064 966 4116 letis
984 4070 1105 4138 suspicio
1120 4078 1166 4123 est,
1179 4073 1227 4132 {³⁰⁵¹

191 4149 695 4223 scbmoclrfindest(sielegantiam,sua·
734 4164 771 4195 vs.
791 4161 816 4194 ιι
833 4142 955 4215 quedam
972 4147 1116 4211 excidisse,
1130 4145 1186 4215 quis
1199 4156 1227 4187 rs

192 4231 297 4282 vitatem
306 4242 332 4284 et
341 4232 393 4284 vim
402 4230 564 4294 fabularum,
575 4228 695 4280 artificio·
739 4241 768 4274 ra
778 4241 834 4293 sqq.
847 4219 921 4276 nulla
932 4231 1084 4295 connexio,
1093 4219 1176 4296 quoad
1186 4235 1229 4271 s&
