2820 5018
51 479 679 506 'mmmmfflmm
684 479 1060 506 mmmmmvmma
1065 486 1096 504 u

124 699 157 740 ‘'
298 698 861 826 DISSERTATIO

557 998 609 1048 DE

188 1238 266 1325 EO
294 1237 466 1345 QUOD
495 1236 847 1325 PULCHRUM
873 1239 987 1327 EST

356 1512 433 1613 IN
471 1512 815 1615 PHAEDRO.

194 1797 466 1873 SCRIPSIT
494 1797 527 1868 J.
555 1796 602 1872 G.
631 1798 668 1872 S.
690 1797 986 1905 §CHWABR

61 2248 172 2366 Quen
190 2273 295 2337 multis
312 2272 434 2347 accidit,
449 2274 503 2355 qui
524 2286 553 2335 et
574 2275 670 2356 prisco
689 2287 719 2334 et
734 2276 894 2336 recentiori
912 2298 979 2338 aevo
994 2278 1116 2341 fabulas

59 2377 284 2448 mmponerent
300 2361 447 2443 AEsopias,
465 2376 499 2420 ut
517 2361 631 2422 fabulae
645 2362 746 2438 bonae,
765 2363 916 2443 elegantes
934 2379 963 2425 et
979 2368 1117 2428 exomni

60 2472 154 2545 parte
167 2455 306 2539 perfectae
318 2454 419 2513 mixtae
431 2467 527 2513 esseut
542 2453 587 2512 vel
601 2453 804 2515 mediocribus
817 2471 846 2515 et
860 2478 969 2537 purum
983 2456 1115 2518 laudan·

60 2547 128 2621 dis,
146 2543 193 2605 vel
213 2542 300 2602 malis
318 2557 347 2600 et
367 2537 597 2621 reprehensione
614 2541 730 2620 dignis3
752 2543 832 2602 idem
852 2543 982 2604 Pbaedro
998 2559 1117 2605 constat

60 2634 220 2707 accidisse,
234 2630 384 2691 subtiliter
395 2631 521 2690 docente
532 2629 683 2704 lacobsio‚
698 2632 735 2690 V.
753 2634 802 2706 C.,
818 2635 849 2691 in
864 2632 1116 2696 Obsemutionidus

61 2723 333 2792 &thetim-criticis,
344 2741 420 2801 quas
432 2740 522 2802 supra
533 2720 665 2780 laudavi.
677 2723 715 2780 At
725 2741 794 2782 vero
803 2744 902 2803 quum
912 2725 959 2784 vir
967 2725 1073 2786 doctus
1084 2728 1117 2785 in

60 2809 284 2879 enumerandis
296 2823 325 2869 et
339 2809 524 2870 excutiendis
540 2808 717 2868 fabularum
734 2809 854 2870 Phaedri
872 2811 1036 2871 virtutibus
1050 2834 1116 2872 non

63 2901 182 2982 ubique
196 2899 332 2957 locorum
345 2895 464 2975 singula
483 2910 654 2976 persecutus
670 2896 722 2969 sit3
736 2897 976 2956 dissertationem
994 2899 1116 2957 brevem

61 2989 105 3053 de
117 3008 164 3065 eo,
179 2987 255 3068 quod
266 2984 417 3068 pulchrum
432 2999 473 3044 est
485 2988 516 3044 in
528 2985 664 3060 Phaedro,
677 2985 752 3044 olim
765 2989 958 3068 praepositam
973 2989 1055 3045 Parti
1071 2989 1115 3047 lll

64 3074 205 3146 Phaedri,
224 3094 308 3131 nunc
320 3093 390 3130 vero
401 3072 591 3132 emendatius
609 3087 638 3131 et
658 3073 768 3153 passim
787 3076 904 3132 auctius
915 3073 1043 3146 editam,
1058 3073 1117 3133 hoc

64 3162 135 3225 loeo
147 3161 330 3242 subjungere
343 3159 463 3240 placuit.

108 3251 145 3310 ln
160 3269 287 3308 numero
298 3249 463 3321 virtutum,
476 3248 708 3329 conspicuarum
726 3248 758 3304 in
776 3244 897 3305 Pbaedri
914 3243 1039 3321 fabulis,
1052 3249 1115 3328 pri·

63 3359 119 3399 mo
133 3337 196 3397 loeo
211 3335 349 3396 habenda
364 3351 407 3397 est
419 3336 547 3395 danitas.
562 3334 678 3416 Duplex
693 3348 793 3392 autem
807 3349 850 3391 est
862 3333 1008 3408 brevitas,
1020 3335 1116 3395 altera

63 3428 246 3499 verborum,
259 3426 353 3487 altera
367 3447 479 3486 rerum.
495 3427 675 3506 Utramque,
690 3425 713 3482 si
727 3437 805 3483 recte
815 3445 849 3483 ea
862 3437 1001 3497 utamur,
1013 3427 1045 3484 in
1058 3447 1116 3487 nu·

63 3538 188 3578 merum
207 3518 355 3575 virtutum
373 3513 563 3575 referendam
577 3536 652 3581 esse,
669 3513 736 3594 quis
752 3527 808 3586 est,
824 3515 878 3596 qui
893 3515 1033 3573 dubitare
1047 3537 1115 3596 pos·

63 3606 126 3670 sit?
143 3608 177 3664 ln
193 3606 289 3664 verbis
301 3606 404 3667 breves
419 3607 545 3680 erimus,
559 3606 581 3663 si
598 3602 674 3663 nihil
691 3624 855 3684 ponamus,
872 3624 933 3684 quo
949 3605 1057 3665 omisso
1069 3627 1115 3667 res

64 3713 157 3775 aeque
169 3694 281 3773 possint
295 3691 434 3773 intelligi.
448 3695 525 3769 Quae
538 3692 662 3774 quidem
674 3691 804 3751 brevitas
817 3693 1007 3773 potissimum
1019 3693 1113 3751 cerni·

63 3799 120 3843 tur
140 3783 301 3841 omissione
319 3803 440 3855 eorum,
463 3804 532 3864 quae
550 3781 735 3842 consuetudo
746 3852 749 3858 ¹
760 3781 952 3862 loquentium
975 3781 1115 3841 omittere

64 3871 158 3941 solet,
179 3873 379 3954 inaniumque
394 3871 598 3954 epithetorum
618 3886 646 3931 et
664 3871 851 3951 tautologiae,
869 3892 923 3930 nec
939 3890 1000 3928 non
1016 3870 1114 3928 ambi·

63 3979 200 4040 guorum
214 3957 346 4037 fugap),
357 3973 391 4018 ut
404 3973 520 4018 taceam
532 3959 569 4020 de
580 3959 654 4018 aliis.
668 3959 847 4040 Exemplum
861 3955 952 4036 hujus
964 3955 1116 4016 brevitatis

65 4046 206 4107 notabile
218 4045 311 4106 habes
327 4047 359 4105 in
376 4047 480 4106 fabula
499 4048 551 4107 lib.
565 4049 617 4122 lV,
633 4048 718 4120 xlii,
743 4068 774 4106 12
790 4068 854 4130 sqq.
870 4046 920 4105 cui
939 4042 1114 4104 addendum
1136 4032 1141 4044 ⁸

102 4246 144 4317 (ι)
154 4249 186 4299 V.
197 4249 301 4303 Ernesti
311 4249 386 4305 libet
397 4271 424 4322 p.
435 4269 471 4305 m.
483 4251 542 4307 205.

148 4337 157 4349 ·
912 4349 954 4384 so.
