2820 5018
526 444 619 509 ΜΒ.
644 444 696 523 11,
720 446 815 509 ΕΔΒ.
840 445 865 510 l.

178 580 342 647 Audacter
354 584 441 648 tolle.
453 584 548 648 Tunc
560 584 666 677 diviso
678 592 824 671 tergore,'

181 688 282 755 Silvas
294 693 424 778 petivit,
437 689 563 755 homini
577 708 613 755 ut
623 714 790 755 accessum
802 688 905 754 daret.

223 799 416 887 Exemplum
429 800 596 886 egregium
608 821 742 886 prorsus
756 814 788 862 et
799 798 977 880 laudabile3

179 906 302 969 Verum
315 924 364 971 est
375 904 511 971 aviditas
524 906 631 984 dives,
646 922 678 969 et
690 928 816 993 pauper
827 905 944 993 pudor.

176 1080 212 1116 est
223 1089 274 1135 qua
288 1073 386 1119 debetur.
401 1099 432 1108 -
445 1089 467 1135 9.
484 1083 576 1136 terpnre.
593 1074 696 1137 Guyetua
710 1088 814 1136 corpore,
832 1071 987 1135 reprehensus
1004 1088 1016 1118 a
1033 1074 1126 1135 Cupero
1142 1075 1173 1122 lib
1187 1078 1222 1133 n,

177 1140 234 1187 obs.
249 1158 285 1188 ao.
296 1142 374 1203 vagit
389 1145 411 1198 l,
424 1144 511 1188 dlneid.
525 1157 570 1188 aro
581 1158 616 1204 eq.
629 1145 752 1189 Burmann.
765 1167 797 1177 -
812 1158 846 1188 ra.
859 1142 952 1189 Bentlei.
965 1158 1043 1188 uerum
1055 1142 1119 1189 bodie
1128 1146 1223 1193 aarum

176 1211 238 1255 dives
251 1222 297 1268 est,
310 1229 398 1276 pauper
406 1214 487 1275 pudor.
501 1211 623 1259 laudabile
636 1225 688 1275 poet
701 1216 812 1277 epreqiurn
826 1212 910 1273 ln'gere
922 1212 1013 1258 videtur
1026 1212 1120 1269 Bothio,
1134 1217 1172 1261 cui
1183 1228 1222 1263 to-

176 1293 227 1327 tum
241 1284 391 1346 epimythium
405 1296 537 1345 suspectam
551 1297 593 1330 eat.
609 1286 667 1331 Hinc
681 1285 723 1331 hoa
740 1299 820 1330 verant
834 1285 900 1330 uncia
912 1282 1009 1330 induar.
1026 1286 1055 1331 At
1069 1284 1151 1332 confer
1164 1287 1223 1350 Sup-

175 1348 259 1411 plenda
271 1352 300 1397 ad
311 1353 349 1398 lib.
363 1354 386 1408 l,
398 1353 445 1398 lab.
458 1354 523 1408 xxt,
539 1370 563 1410 r,
578 1369 604 1410 a,
617 1369 669 1416 quar
681 1364 768 1399 entant
780 1352 810 1398 ad
823 1351 910 1398 aaleem
920 1352 973 1398 Vol.
988 1354 1006 1398 1.

175 1495 232 1557 tiae,
242 1515 300 1554 sau,
316 1513 367 1565 qua
378 1493 472 1565 dignus
485 1514 512 1546 es
525 1496 559 1546 ob
572 1494 677 1548 modes·
716 1497 825 1566 pressit:
837 1493 1220 1566 DiesBeispielistzwarsclu'iu

176 1574 249 1622 tiam.
262 1574 333 1623 Dixit
345 1571 422 1638 tolle,
436 1587 465 1625 ut
479 1574 570 1625 Cicero
588 1573 679 1626 tollere
719 1574 774 1625 und
785 1575 862 1626 Lobet
873 1574 960 1625 wertlt.

175 1648 316 1703 simulacra
326 1652 491 1718 exdelubris,
505 1667 530 1705 et
540 1654 616 1705 Mart.
629 1655 678 1718 Vl,
759 1670 797 1703 ra.
824 1671 920 1704 verum.
941 1652 1020 1716 Sunt,
1045 1654 1089 1723 qui
1106 1668 1220 1723 vertant,

177 1746 245 1793 xxx,
259 1747 289 1780 a:
303 1750 386 1796 sume,
399 1732 475 1798 tolle,
489 1733 565 1786 douo.
579 1759 615 1774 -·
626 1751 680 1783 uto·
719 1731 800 1784 alleiu
815 1731 902 1783 leider.
915 1729 1007 1781 Claud.
1019 1730 1119 1782 Faber:
1129 1752 1222 1804 cepen-

177 1810 264 1861 destioe
277 1822 334 1862 tuae.
348 1812 421 1863 More
433 1811 546 1878 Phaedri,
558 1832 620 1882 pro,
633 1810 680 1862 tibi
719 1812 785 1863 dant
795 1829 860 1862 trous
869 1828 965 1880 voyons
976 1821 1032 1862 tous
1042 1809 1078 1863 les
1079 1814 1168 1882 jaum
1179 1811 1222 1863 el-

179 1887 307 1941 modesto.
327 1891 366 1941 De
382 1893 480 1942 viatore
499 1892 586 1942 omnia
602 1889 681 1941 verba
720 1891 812 1943 binus:
824 1890 1222 1962 maisencetempr.—Ertaai·

179 1967 333 2019 modestiam
340 1968 585 2040 produnt‚pulchre
593 1969 680 2021 obser·
720 1972 786 2023 ditas
803 1971 885 2036 diver,
906 1981 953 2021 etc.
973 1969 1033 2020 Sine
1051 1967 1132 2020 dubio
1149 1988 1223 2020 com·

179 2061 256 2098 vante
267 2049 422 2100 burmanno.
439 2050 529 2100 Viator
537 2061 592 2100 erat
602 2049 681 2099 inne·
721 2068 798 2102 mune
806 2048 915 2111 dictum,
926 2046 997 2119 quod
1006 2047 1039 2099 ad
1046 2067 1092 2099 sua
1101 2061 1222 2118 tempora

178 2126 252 2186 xius‚·
266 2127 412 2192 deducitur,
432 2146 486 2179 nou
505 2140 612 2198 sponte,
635 2126 681 2179 sed
721 2128 945 2193 retulithaedrus‚
956 2141 984 2179 ut
994 2125 1139 2198 eapealibi.
1150 2126 1221 2179 Idem

180 2225 243 2258 casu
256 2222 280 2258 et
294 2211 329 2259 ita
343 2210 384 2259 via
396 2208 508 2273 ferente,
524 2210 550 2258 iu
561 2207 680 2257 eumdem
720 2208 811 2260 dicunt
826 2207 868 2259 illa
879 2206 1004 2259 Martialis
1013 2208 1046 2272 V,
1057 2206 1104 2269 81,
1118 2207 1219 2277 flipoot.

180 2284 281 2347 lorum;
300 2287 378 2357 refert
390 2289 496 2358 pedem,
517 2287 593 2338 leone
611 2288 680 2350 viso,
723 2288 852 2359 aSernper
861 2288 910 2338 eris
922 2305 1037 2357 pauper,
1049 2285 1071 2337 si
1082 2303 1221 2356 pauperet

179 2370 322 2418 reverentia
333 2366 424 2419 leonis.
436 2368 569 2419 Viatorem
577 2364 680 2438 placide
719 2366 870 2432 AEuriliane,
885 2367 987 2417 Dantur
999 2383 1064 2435 opes
1075 2362 1141 2414 nulli
1150 2382 1221 2415 nune

181 2443 320 2516 alloquitur
332 2445 387 2512 lea,
404 2460 430 2497 et
443 2460 543 2517 partem
558 2443 593 2495 illi
608 2463 680 2497 rece-
720 2439 1220 2514 nisidivitibusnzetidem,quodlib.V‚

181 2522 247 2575 alens
266 2525 394 2597 relinquit.
424 2526 522 2577 Contra
544 2524 680 2594 improbus
720 2524 773 2576 fab.
791 2526 835 2590 lv,
851 2543 881 2595 9,
899 2548 910 2570 ι
921 2524 965 2595 qui
982 2541 1092 2594 rapuere
1103 2520 1220 2586 divitiae,

180 2602 321 2672 praedator,
329 2618 430 2677 partem
439 2604 586 2676 postulans,
597 2606 680 2673 rejici·
720 2603 825 2655 habent.
838 2628 849 2649 ι
866 2605 955 2655 Burin.
971 2601 1083 2654 Sensus:
1099 2612 1125 2649 at
1137 2598 1221 2651 hocce
1304 2670 1306 2675 Ι

180 2694 224 2732 tur
237 2684 261 2733 vi
274 2683 386 2753 quadam
399 2698 424 2735 et
438 2687 520 2737 minis.
537 2685 576 2735 Ci.
592 2684 678 2734 Burur.
721 2695 838 2753 tempore
857 2681 925 2733 avidi
944 2695 1003 2733 suut
1022 2680 1127 2746 divites,
1146 2698 1221 2731 vere-

180 2761 289 2813 Min'fice
305 2761 434 2815 delectant
448 2764 593 2827 contraria,
605 2765 680 2831 juxta
720 2759 800 2811 eundi
809 2774 834 2811 et
844 2759 955 2812 modesti
967 2777 1106 2831 pauperet.
1118 2756 1176 2808 Vid.
1187 2755 1221 2809 ad

182 2858 210 2892 ee
224 2842 318 2909 posita.
720 2836 765 2890 lib.
779 2840 803 2900 1,
813 2838 867 2890 fab.
881 2840 929 2902 111,
944 2838 982 2888 16.
995 2840 1078 2906 liujus
1088 2838 1221 2887 sementia

217 2934 243 2982 9.
260 2916 340 2967 diuiso
359 2928 462 2988 terpore.
482 2920 572 2971 Divisit
586 2922 680 2988 juven·
720 2918 854 2967 veritatem
876 2915 1013 2967 confir-nat
1036 2914 1110 2966 locus
1138 2915 1220 2964 Curtii

180 3011 251 3044 cum.
271 2993 364 3066 Terque
373 2996 441 3044 euim
455 3015 539 3067 neque
554 2996 586 3048 de
598 2996 678 3065 pelle,
719 2992 764 3044 lib.
785 2996 827 3058 lv,
851 3011 878 3058 r,
900 2992 946 3043 ubi
966 2991 998 3044 de
1018 2991 1218 3061 Abdalonymo:

181 3091 267 3143 neque
277 3071 309 3124 de
320 3087 405 3143 tergo,
415 3072 460 3123 sed
469 3072 501 3124 de
512 3088 568 3125 toto
574 3077 679 3143 juvenci
723 3098 733 3120 ι
744 3092 835 3125 caussa
847 3074 870 3124 ei
880 3072 1041 3143 paupertatis
1053 3072 1120 3121 aicut
1131 3068 1220 3139 pleris-

180 3170 292 3221 eorpore
309 3149 473 3220 capiendum.
492 3153 560 3203 Bene
578 3151 678 3204 Sattler.
721 3173 772 3224 que
791 3153 907 3225 probitas
924 3165 1015 3213 erat‚»
1037 3168 1114 3221 quem
1130 3148 1219 3203 laudat

180 3250 208 3282 er
216 3228 482 3298 zertlreilteffierike,
495 3229 680 3303 zerleqte)den
719 3231 902 3284 Desbillonius.
930 3228 1004 3280 Adde
1027 3230 1219 3298 interpretatio-

182 3310 256 3360 Stier.
720 3330 779 3361 nern
793 3306 959 3360 vernaculam
972 3306 1097 3360 Oertelii:
1114 3307 1148 3359 So
1163 3309 1219 3361 edel

221 3404 259 3439 ιο.
273 3397 301 3437 ut
312 3404 436 3439 accessum
449 3389 528 3438 daret.
544 3387 605 3452 Quo
616 3385 679 3437 libe·
720 3390 774 3442 und
790 3387 974 3460 lubenswtirdiq
990 3388 1055 3439 diere
1072 3387 1216 3462 Handlurtq

181 3467 234 3517 rius
250 3479 275 3516 et
294 3467 349 3517 siue
364 3478 435 3516 metu
451 3462 574 3517 accedere
591 3479 679 3536 posset
719 3469 762 3520 der
773 3469 867 3518 deen
880 3469 926 3517 ist.-
939 3485 968 3517 so
981 3465 1053 3516 waltr
1063 3465 1126 3518 ister
1135 3466 1216 3535 auch,

183 3548 272 3599 riatur.
719 3546 775 3598 dass
784 3542 1216 3615 Ηαὸεἱὶοήιίςεοίίιίὶἰοε,8οωὶιεὺ

219 3643 259 3678 ιι.
268 3628 343 3678 Hunc
351 3644 453 3679 vertum
460 3624 584 3680 Sattlerua
591 3627 626 3679 ita
637 3646 679 3679 ex·
718 3627 782 3703 dene
791 3625 883 3678 Niobes
894 3623 984 3675 baben.
