2820 5018
197 449 260 514 238
364 447 428 512 DE
449 444 803 511 SCRIPTORlBUS
826 445 1085 515 PHAEDRUM

195 607 245 649 me
256 585 319 646 nixi
330 581 502 645 testimonio
513 579 698 661 Gyraldi(1),
710 581 783 661 qui:
798 595 931 663 κροκι,
940 586 1050 666 inquit,
1063 599 1096 646 et
1104 587 1185 649 inter
1193 585 1239 650 itta

196 687 303 759 poetae
323 669 432 753 reponi
453 667 604 730 Romulus
624 667 691 743 ille,
713 671 766 751 qui
785 669 824 729 ad
842 671 1056 750 Tibertinum,
1078 673 1194 752 filium,
1209 676 1239 736 li·

194 764 288 825 bmm
304 760 438 842 scripsit,
457 778 549 840 quem
565 757 606 817 ab
621 758 794 819 imitatione
812 759 1028 843 Apologorum
1046 765 1156 848 AEaopi
1167 765 1238 826 illio

195 851 341 935 Phrygis,
355 846 477 908 fabulas
491 847 595 929 AEaopi
609 849 816 929 nuncupavit,
830 869 911 924 non,
925 866 960 911 nt
973 851 1075 935 aliqui
1089 856 1148 914 rati
1161 866 1236 928 sunt,

195 938 362 1002 uammlit
379 936 496 997 Mirum
513 935 602 995 vobis
620 935 736 1010 dicam,
757 958 854 1018 quam
870 940 961 1000 anxie
980 943 1164 1003 Parmensea
1179 944 1236 1025 qni·

195 1029 283 1103 dam,
307 1046 372 1087 non
394 1023 580 1098 Romulum,
604 1020 697 1105 hujus
719 1022 818 1085 libelli
842 1041 1001 1088 auctorem
1019 1043 1173 1104 atteram,
1192 1029 1234 1090 aad

194 1136 286 1179 suum
298 1112 468 1197 quemdam
481 1112 623 1172 Salonem
637 1113 841 1196 municipem,
853 1117 908 1195 qui
920 1129 1013 1197 poeta
1027 1116 1109 1176 duan
1123 1115 1235 1178 Athenin

194 1204 345 1277 studeret,
358 1223 375 1262 e
386 1202 494 1262 Graeco
506 1199 629 1262 fabula
641 1199 696 1261 baa
710 1204 824 1262 noemia
836 1205 977 1265 moribus
988 1217 1025 1265 ut
1038 1207 1131 1266 aiunt
1141 1221 1234 1289 aptan

194 1293 251 1368 do,
265 1292 401 1354 carmine
412 1291 629 1371 compoauerit.
643 1289 699 1349 Sed
712 1303 792 1350 certe
803 1290 865 1351 boc
878 1283 960 1374 ipto,
974 1291 1024 1352 vel
1036 1292 1187 1368 Romulo,
1195 1290 1232 1352 val

153 1391 155 1394 '
192 1382 320 1457 Salone,
331 1380 381 1441 ino
392 1399 489 1462 puero
500 1378 607 1440 nullus
617 1380 697 1440 liber
708 1400 794 1463 aeque
803 1381 977 1442 trivialibus
987 1385 1146 1464 magistris
1155 1398 1232 1443 terre·

192 1473 298 1548 batur,
309 1484 379 1555 poet
392 1469 558 1530 Alexandri
572 1472 702 1551 ineptias
711 1472 787 1551 (2).n
802 1473 850 1532 Sic
863 1472 1023 1534 Monelliua
1037 1474 1180 1535 observat
1187 1473 1231 1553 (3),

194 1575 352 1624 auctorem
370 1556 566 1633 fabularum,
587 1557 706 1639 dequo
726 1559 820 1619 verba
837 1557 985 1632 facimus,
1006 1559 1154 1621 Salonem
1174 1564 1230 1622 Par·

79 1679 81 1683 ’
191 1670 332 1711 mensem
344 1647 463 1721 vocari,
477 1648 632 1729 precipue
644 1648 677 1705 in
690 1645 828 1728 quodam
839 1647 977 1728 epistolae
990 1647 1183 1729 fragmento,
1195 1663 1230 1732 tp·

191 1740 240 1823 pis
252 1738 351 1813 edito,
364 1737 455 1817 eique
469 1734 615 1797 adsentiri
630 1755 786 1817 nuperum
800 1737 982 1818 scriptorem
998 1736 1229 1817 Mammam)

191 1832 232 1891 At
243 1849 313 1910 quae
324 1826 363 1887 de
375 1824 487 1886 Solone
501 1826 560 1884 icto
574 1825 733 1885 Parmensi
745 1823 924 1899 traduntur,
936 1826 981 1885 ita
992 1827 1136 1909 profecto
1149 1827 1230 1887 ambi-

191 1939 254 2000 gua
266 1931 359 1999 atque
377 1916 493 1975 incerta
511 1926 584 1974 tunt
592 1915 648 1993 (5),
664 1927 698 1973 ut
714 1916 778 1973 vim
794 1914 949 1996 probandi
967 1918 1020 1975 vix
1038 1914 1183 1977 babeant.
1197 1915 1230 1973 Er

191 2009 306 2091 quibua
324 2005 472 2067 omnibus
490 2005 621 2086 perspici
641 2001 718 2063 mibi
736 2024 823 2086 poste
840 2003 977 2079 videtur,
997 2026 1112 2068 rerum
1130 2023 1229 2067 nom

191 2093 350 2175 Anonymi
365 2090 483 2174 jacere,
498 2104 543 2166 et,
562 2091 622 2150 nisi
640 2087 777 2152 historiae
794 2090 901 2151 lumen
917 2091 1093 2172 aliquando
1109 2091 1230 2165 accedat,

140 2212 142 2216 ⁴
188 2186 356 2269 jaciturum
376 2202 439 2242 eme
458 2180 493 2240 in
515 2181 658 2241 tenebris.
679 2180 789 2257 Qualia
809 2180 916 2256 fuerit,
936 2195 968 2242 et
987 2183 1121 2264 quando
1139 2182 1229 2244 vixen't

191 2274 391 2353 Anonymua‚
411 2287 499 2348 oeque
517 2269 669 2327 incertum
687 2280 741 2328 eat.
762 2269 842 2328 Eum
853 2266 985 2349 jamjam
1000 2290 1020 2328 a
1037 2270 1230 2354 Scriptoribttt

190 2360 294 2422 iaculi
308 2360 378 2420 XIV
390 2356 532 2436 allegari,
543 2357 648 2417 scribit
659 2358 817 2417 Fabricius
825 2358 882 2439 (6);
896 2380 915 2419 a
927 2359 1059 2440 quibua,
1071 2380 1141 2422 non
1151 2358 1229 2420 addit

189 2449 230 2508 At
250 2456 402 2507 memorat
423 2440 565 2503 Bartbiua
575 2446 616 2525 (7)
637 2444 785 2504 Codioem
806 2443 985 2505 februarum
1007 2439 1228 2529 Anonymi,in

190 2532 408 2594 obsoletissimos
425 2531 622 2591 membranae
640 2543 819 2606 exaratum3
844 2531 892 2593 ΙΙΙ.
908 2553 982 2593 vcro
1001 2529 1230 2615 aemma)

189 2634 219 2683 et
239 2622 412 2702 Lessingius
431 2620 564 2681 alterum
583 2619 781 2683 Bibliotheca
804 2622 1061 2703 Guelferbytanae
1082 2623 1227 2694 Codieent,

73 2693 78 2713 ⁵
188 2714 346 2793 Anonymi
363 2709 484 2770 fabulas
501 2713 726 2786 continentem,
742 2713 922 2774 duodecimo
940 2714 1103 2795 assignant
1123 2711 1226 2775 seculo

188 2802 267 2879 Quat
286 2802 311 2860 ai
330 2821 349 2860 a
369 2802 494 2861 veritate
514 2822 578 2862 non
599 2816 673 2862 sunt
692 2803 809 2879 aliena,
834 2802 983 2885 conjicere
1005 2803 1093 2879 linet,
1119 2806 1226 2882 Anony-

189 2912 276 2951 mum
299 2890 339 2952 ad
364 2890 531 2951 minimum
552 2891 733 2974 acriptorem
757 2914 820 2953 etse
845 2893 1000 2954 undecimi
1027 2893 1226 2954 duodecimirc

188 2977 307 3054 saculi,
325 2977 350 3039 ai
367 2990 473 3039 tamen
491 2999 558 3039 non
576 2992 620 3039 est
638 2981 805 3063 antiquior.
825 2981 854 3040 Si
875 2980 1044 3042 Christium
1063 2980 1225 3048 audiamus,

187 3105 272 3159 claros
283 3105 418 3173 habuerit,
440 3109 466 3159 in
481 3107 620 3160 Germania
633 3110 693 3160 Mo·
732 3108 781 3160 vel.
804 3129 830 3181 p.
852 3111 900 3180 (7,
920 3129 997 3183 quem
1013 3109 1048 3162 de
1064 3108 1118 3161 hoc
1131 3103 1225 3182 “cyrilli

188 3184 327 3251 aelianum,
339 3187 367 3237 in
377 3185 450 3238 ltalia
460 3186 614 3254 Romulum,
628 3188 694 3239 inci·
733 3187 792 3240 loco
806 3187 934 3241 consules.

188 3262 375 3321 derittandem
391 3268 418 3317 in
437 3267 508 3320 hunc
525 3287 612 3321 aenam
630 3272 693 3321 noa-⁹
767 3268 805 3339 (3)
815 3269 897 3322 Catal.
908 3269 980 3322 Mss.
990 3270 1047 3321 Lat.
1059 3267 1132 3341 apud
1139 3267 1224 3321 Anio·

189 3354 271 3408 uum,
283 3356 333 3396 etc.
346 3367 357 3391 ι
732 3343 1223 3421 (PatricioaVenetoa),Veuetiia,177⁶,

222 3418 261 3490 (ι)
273 3422 312 3474 De
321 3425 422 3475 Poetar.
434 3425 498 3476 ilict.
510 3424 576 3477 Dial.
588 3427 620 3493 V,
630 3444 690 3498 pag.
732 3428 812 3494 in·l⁰,
828 3446 854 3498 p.
872 3429 928 3480 153.

188 3500 255 3567 306,
263 3503 293 3553 Τ.
303 3504 340 3567 ΙΙ,
352 3504 422 3575 Opp.
435 3505 462 3555 L.
475 3507 502 3556 B.
518 3505 689 3576 1696‚in·fol.
767 3505 805 3576 (4)
814 3505 891 3559 Delie
896 3508 988 3581 piunte
994 3503 1052 3558 alia
1059 3501 1225 3558 &motute-

188 3581 249 3634 edit.
266 3601 281 3632 a
294 3584 391 3633 lensio.
410 3584 539 3636 Gesner-us
553 3588 580 3637 in
595 3587 693 3640 Biblio·
732 3603 825 3652 κνοω,
836 3599 885 3637 etc.
896 3604 922 3656 p.
938 3585 984 3652 23,
1000 3586 1085 3658 οδες.
1099 3587 1132 3638 ΙΙ.
1144 3584 1172 3634 lb
1181 3579 1223 3632 0⁸·

187 3659 279 3725 theca,
296 3659 355 3711 coll.
371 3659 474 3713 Christii
487 3662 585 3715 Prolus.
599 3685 625 3736 p.
643 3666 691 3731 56,
733 3664 812 3737 talog.
834 3667 865 3719 T.
888 3668 979 3719 XXIV.
1000 3667 1060 3720 Vid.
1081 3665 1177 3719 llarlet.
1196 3658 1224 3714 tl

187 3740 215 3791 F.
233 3740 264 3791 de
283 3737 463 3814 blankenburp
480 3743 603 3809 lastae,
621 3745 653 3795 Τ.
666 3747 690 3810 Ι,
732 3744 832 3796 Fabric.
849 3746 876 3797 B.
889 3746 920 3797 G.
936 3745 994 3797 Vol.
1009 3748 1034 3812 l,
1047 3766 1073 3817 p.
1089 3744 1149 3798 650.

187 3839 214 3891 p.
228 3818 288 3885 548.
765 3824 803 3894 (5)
818 3826 920 3899 [euinp
934 3827 962 3876 in
975 3828 1106 3900 Anonym.
1118 3820 1221 3879 undet

223 3896 261 3970 (a)
270 3901 319 3950 Per
328 3896 472 3951 Alexandri
481 3899 592 3968 ineptias
600 3899 691 3952 intelli·
730 3923 757 3976 p.
771 3904 813 3974 47.

186 3976 361 4048 gendameaae
369 3978 571 4029 Grammaticam
578 3977 690 4031 Alexan·
765 3984 804 4057 (6)
816 3985 880 4038 Bibl.
893 3987 949 4039 Lat.
965 3988 996 4039 Τ.
1009 3988 1047 4053 ΙΙ,
1062 4007 1089 4058 p.
1104 4004 1144 4056 ²9.

186 4057 228 4110 dn·
241 4060 272 4111 de
288 4057 313 4111 V
312 4057 360 4109 illa
374 4058 437 4124 Dei,
451 4057 567 4110 versibus
580 4057 689 4114 leoninia
766 4063 803 4135 (7)
816 4064 921 4117 Advera.
936 4066 963 4116 L.
977 4066 1026 4131 ΙΙΙ,
1038 4085 1097 4137 cap.
1113 4082 1152 4118 aa.

186 4138 323 4208 scriptam,
342 4135 391 4187 aub
411 4135 504 4187 titulo:
524 4138 688 4208 Doctrinale,
764 4145 802 4215 (8)
814 4148 843 4195 ln
850 4143 1155 4224 Additamadbeasingii
1163 4144 1220 4194 ΑΜ·

187 4217 320 4273 contendit
334 4218 480 4290 bettinssitu
493 4220 521 4272 in
535 4221 620 4275 Aaou.
635 4223 690 4275 Ne·
728 4240 797 4295 aym.
810 4223 900 4278 Nerei
913 4244 940 4296 p.
953 4224 996 4278 65.
