2820 5018
72 553 87 598 l

157 782 159 786 .
180 717 250 794 643.

144 479 147 500 '
188 509 250 553 roo
560 480 625 545 DE
647 479 855 546 PHAEDlll

182 626 255 691 nell.
269 628 304 687 T.
323 623 366 696 11,
383 642 413 705 p.
433 619 500 680 361.
521 617 591 679 coll.
607 640 680 679 ann.
699 615 788 701 1751,
807 632 837 679 et
845 617 1075 700 Briiggeman'ni
1088 622 1189 694 Victo,
1202 640 1230 702 p.

221 825 323 917 AEsopi
336 847 366 895 et
379 835 504 893 Panum
514 831 643 892 Fabulae
661 833 776 893 selectae
790 846 820 893 et
835 853 919 894 novo
932 832 1041 894 ordine
1056 832 1229 917 disposita,

179 930 286 991 Graece
297 938 327 983 et
337 926 464 997 Latine,
476 924 592 982 Gener.
610 923 699 1004 1757,
712 925 800 984 iffigo,

211 1039 269 1090 Cat.
283 1035 383 1087 libror.
397 1036 442 1105 qui
453 1047 572 1103 prostant
584 1035 729 1086 lausanna
746 1034 818 1106 apud
834 1037 858 1086 J.
876 1036 909 1085 fl.
924 1036 993 1088 Pott.
1010 1054 1038 1107 p.
1053 1052 1096 1088 ao.
1117 1033 1227 1086 Fabricii

62 1110 65 1115 ’
178 1113 617 1186 n.o.v01.1‚p.649‚m.narr.

216 1227 322 1293 Fabios
337 1227 372 1287 de
387 1226 528 1300 Pnirnnr,
547 1247 615 1285 avec
628 1226 676 1285 des
690 1241 782 1301 notes,
799 1226 847 1286 des
862 1225 1129 1301 ecloimissements,
1145 1240 1174 1286 ct
1189 1248 1227 1286 aa

5 1390 25 1417 „¹
90 1324 111 1349 ·’
175 1310 1226 1405 petitdiclionnaireirlnfin‚dlusaqedescommmcnnts(aveeletette

176 1409 275 1488 latin).
289 1409 389 1478 Paris,
409 1402 474 1463 citez
490 1402 520 1461 la
533 1425 620 1464 veuve
638 1407 734 1464 botrin
751 1419 779 1465 et
793 1403 920 1477 liutard,
941 1407 1109 1478 Hermam,
1128 1418 1158 1466 et
1172 1407 1225 1465 De·

175 1503 266 1574 mint,
284 1497 480 1580 1757‚in·12.

210 1614 351 1679 Mdmoires
363 1612 395 1664 de
411 1611 542 1679 Trevoax,
554 1613 618 1663 Dec.
638 1610 718 1681 1757,
729 1632 757 1684 p.
771 1613 831 1665 208.
851 1611 911 1664 coll.
924 1610 1018 1664 Sched.
1032 1603 1223 1682 Briggernann.

59 1734 61 1739 -
175 1718 203 1772 p.
215 1697 259 1750 32.

212 1815 282 1874 Mea
291 1811 417 1894 quidem
430 1810 579 1875 sententia
589 1807 654 1868 haec
666 1808 761 1869 editio
774 1821 804 1868 et
815 1811 974 1869 Editorem
983 1821 1015 1868 et
1024 1809 1222 1891 interpretem

172 1901 267 1964 habet
283 1900 410 1962 Gallum
428 1902 592 1980 Boumeois.
610 1899 769 1958 Memoriae
786 1900 869 1958 enim
887 1897 1026 1981 prodidit
1038 1899 1073 1961 F.
1086 1898 1126 1959 de
1138 1896 1224 1960 Blan-

173 1992 301 2073 lenburq
322 1989 399 2068 (vid.
419 1986 465 2068 Ej.
485 1992 511 2047 Z
514 1991 609 2048 ascitce
627 2010 662 2047 zu
678 1986 792 2049 Sulzcrs
815 1988 947 2062 Tlreoric,
961 1991 995 2047 T.
1011 1989 1040 2062 Ι,
1056 2009 1129 2070 pag.
1143 1989 1223 2070 547).

172 2079 340 2142 Phaedrum
358 2078 397 2138 ab
414 2076 470 2136 hoc
486 2077 519 2135 in
533 2075 674 2156 linguam
688 2076 830 2157 gallicam
844 2098 906 2136 esse
917 2075 1119 2152 translatum,
1140 2079 1223 2160 1757,

171 2171 274 2243 insa,
289 2167 405 2225 omisso
417 2164 485 2222 loco
500 2164 717 2244 impressionis.
732 2163 788 2223 Sed
803 2184 903 2245 nequo
913 2163 951 2222 'in
968 2161 1074 2224 Gallia
1088 2165 1225 2226 firmata

171 2255 298 2333 (Franco
307 2251 483 2324 Litteraire),
494 2264 616 2307 auctore
626 2254 757 2328 For-incy,
767 2249 848 2308 edita
861 2248 1013 2323 Berolini,
1036 2250 1124 2331 1757,
1136 2250 1223 2324 inm,

171 2360 271 2420 neque
291 2338 324 2395 in
340 2333 439 2395 Gallia
456 2336 594 2394 litterata
613 2333 659 2393 Cl.
678 2333 810 2410 Erschii,
829 2336 976 2418 impressa
996 2336 1113 2398 Hamb.
1135 2358 1223 2420 1797,

149 2457 150 2461 ,
172 2429 266 2498 in·8⁰,
279 2422 411 2483 occurrit
425 2419 546 2488 Phaedri
560 2423 725 2504 interpres,
739 2423 840 2484 ferens
852 2444 969 2483 nomen
984 2427 1158 2505 Bouryeois,
1172 2425 1223 2484 etsi

171 2513 263 2576 multi
275 2513 320 2571 ibi
330 2510 538 2582 inveniantur,
556 2509 614 2570 hoc
626 2513 751 2571 nomine
763 2513 913 2593 insigniti.
926 2512 996 2572 vid.
1009 2508 1118 2573 sched.
1131 2514 1221 2595 Briig·

171 2622 315 2684 gemann.
326 2621 356 2681 p.
367 2601 413 2658 32.
422 2600 500 2674 Quae
512 2621 609 2680 quum
623 2601 665 2658 ita
674 2601 745 2675 sint,
756 2602 818 2660 veri
830 2622 892 2660 non
908 2614 983 2683 puto
996 2622 1060 2661 esse
1074 2602 1222 2675 absimile,

170 2693 341 2751 versionem
354 2687 435 2747 Galli
450 2691 619 2770 Bonrqcois,
632 2687 719 2769 cujus
732 2691 846 2750 mentio
857 2690 939 2750 facta
951 2705 1024 2751 esta
1039 2693 1073 2751 F.
1085 2691 1127 2752 de
1137 2692 1224 2754 Blan-

173 2777 315 2860 lendorp,
329 2777 397 2837 loco
409 2778 515 2849 citato,
531 2799 615 2838 anno
633 2779 717 2859 1757,
729 2780 854 2839 Parisiis
865 2779 1034 2865 prodiisse(
1055 2780 1075 2858 ).

212 2868 285 2925 llaec
296 2867 486 2946 scripseram,
497 2887 593 2944 quum
603 2866 636 2923 in
644 2866 789 2947 Catalogo
797 2867 978 2927 Editionum
989 2865 1126 2943 Phaedri,
1134 2888 1220 2951 quem

171 2953 349 3027 Lallemant,
366 2953 483 3026 dhbas,
506 2955 664 3036 subjunxit
680 2955 816 3015 Editioni
835 2977 896 3015 suae
913 2955 1034 3016 Phaedri
1056 2957 1139 3035 (vid.
1154 2976 1221 3028 *mox

173 3043 213 3104 ad
226 3038 305 3100 ann.
324 3042 429 3122 1758),
450 3063 479 3122 p.
499 3042 570 3122 237,
582 3041 622 3100 ad
635 3061 753 3101 annum
774 3043 862 3124 1757,
879 3041 945 3117 haec
956 3041 1066 3103 litteris
1078 3042 1221 3104 mandata

174 3126 446 3210 deprehenderem:
460 3127 563 3187 Falles
574 3127 609 3187 de
618 3127 745 3187 Prinna
756 3151 825 3189 avec
834 3128 882 3189 des
892 3143 981 3203 noles,
994 3127 1044 3189 des
1053 3127 1222 3205 &claircisse-

173 3231 279 3292 meno,
300 3234 385 3277 etun
402 3221 472 3299 petit
488 3217 678 3277 dictiormnire
696 3220 714 3276 ὰ
735 3215 763 3280 la
773 3219 838 3301 fin,
856 3223 874 3277 ὰ
892 3219 1000 3303 l'uane
1013 3217 1063 3279 des
1078 3240 1219 3280 commen·

173 3321 264 3389 caats.
279 3309 341 3365 Por
351 3309 395 3365 M.
407 3311 576 3388 Bormam,
587 3309 805 3367 mairie-esnms
816 3308 890 3368 doirs
902 3307 1076 3369 l'mtiversitd
1087 3309 1124 3369 dc
1132 3310 1218 3369 Paris.

173 3398 282 3469 melin,
304 3397 468 3468 Hermoni,
488 3408 515 3454 el
537 3393 674 3456 Scillant.
693 3398 792 3470 Pacis,
812 3398 905 3456 in·ra.
929 3395 1041 3456 Addita
1062 3411 1156 3457 nota:
1176 3396 1218 3456 On

171 3497 242 3565 peut
257 3485 322 3542 voir
332 3503 381 3542 sur
392 3505 425 3544 ce
437 3483 548 3544 Phedre
564 3506 596 3548 ce
606 3485 706 3566 qu'ont
719 3486 761 3546 dit
778 3484 803 3544 le
814 3485 941 3548 Jonmat
955 3486 992 3546 de
1010 3489 1161 3562 maone,
1178 3484 1218 3544 de·

208 3677 299 3750 (1)M.
314 3679 436 3730 Schwabe
448 3693 565 3733 trouvera
578 3681 642 3734 dans
655 3681 679 3734 le
719 3687 877 3748 oissements,
900 3697 947 3736 eto.
968 3684 1006 3735 la
1026 3674 1152 3759 tlptieime
1168 3679 1215 3733 ddi·

172 3760 286 3833 premier
307 3760 408 3811 volume
429 3761 461 3812 de
481 3783 543 3813 mon
562 3766 677 3814 Examen
718 3763 799 3813 riona
813 3781 879 3834 pam
891 3783 922 3814 en
938 3761 1018 3828 1804,
1035 3762 1099 3815 cltez
1112 3766 1142 3814 11.
1159 3760 1214 3812 Bar·

174 3840 283 3909 critique
300 3837 346 3889 des
364 3841 555 3893 Dictionnaires
569 3842 677 3894 histori-
717 3843 779 3906 dou,
796 3860 859 3893 avec
876 3841 900 3894 le
914 3860 976 3894 nom
992 3841 1024 3893 de
1033 3840 1163 3904 l'auteur,
1174 3834 1214 3911 qul

175 3934 239 3988 ques
263 3914 299 3967 les
322 3915 382 3986 plus
405 3919 552 3990 repandus,
583 3922 675 3986 Paris,
717 3920 1003 3994 nesetrourmitqu'au
1014 3917 1214 3974 miliendel'ex¹

176 3993 257 4056 1820,
274 3997 355 4059 tn-m,
374 4015 410 4046 un
430 3996 576 4049 amicietur
593 3999 676 4051 Bour-
719 4002 781 4054 rmit
796 4002 833 4052 du
847 4000 977 4075 pricillqe
990 4000 1027 4052 dat
1040 4002 1106 4065 Rei,
1121 3994 1213 4052 domi·

170 4075 255 4149 θεοῖς,
271 4076 401 4128 estimable
413 4078 559 4149 professeur
571 4080 605 4131 dn
624 4079 676 4131 col·
716 4084 842 4154 premiere
858 4081 956 4133 edition
971 4081 1080 4153 publice
1093 4101 1129 4133 en
1148 4079 1212 4149 1757,

172 4153 228 4227 leqe
240 4154 271 4204 de
285 4153 524 4221 Leuis-le-Gmnd,
541 4170 566 4208 et
577 4158 678 4209 editenr
718 4159 1063 4233 Botqeoisn’dtameneore
1069 4155 1214 4234 quemaitrt·

170 4233 380 4287 &Plddreavec
389 4238 576 4302 desnotes,der
585 4239 676 4291 ectair-
716 4231 1213 4305 aamdml'untvmieederam.(ss·l
