2820 5018
246 372 260 403 ἱ

191 485 231 545 ali
531 479 646 541 VITA
670 477 883 542 PHAEDRI.

191 647 256 686 non
277 626 406 684 obscure
427 622 532 701 colligi
556 635 679 704 potest:
698 621 737 681 ad
759 624 936 704 Vespasiani
959 636 1077 701 tamen,
1097 642 1151 687 aut
1168 629 1226 689 Do·

190 715 310 774 mitiani
323 727 464 794 tempora
477 713 511 771 in
524 714 600 771 vivis
614 712 720 787 fuisse,
736 712 820 794 quod
836 712 1093 794 Pagenstcclrems
1107 732 1226 778 conten·

189 804 245 877 dit,
260 804 309 861 vix
324 816 367 862 est
381 801 533 862 credibile.
1129 800 1133 805 ’

158 897 162 903 ’
229 891 377 948 Naturam
402 888 544 949 habuisse
569 888 735 948 Phaedrum
757 889 920 970 probitatis
946 904 1039 973 atque
1063 891 1227 955 honestatis

190 992 359 1054 amantem,
374 991 421 1039 tot
438 982 565 1060 egregiae
579 978 746 1039 ostendunt
761 979 918 1038 sententiar
932 1000 1001 1060 quae
1013 982 1046 1040 in
1063 980 1130 1061 ejus
1143 982 1227 1043 labu-

189 1065 291 1123 larum
306 1066 455 1148 opusculo
467 1065 620 1148 leguntur.
637 1065 670 1124 ld
684 1068 785 1147 ipsum
797 1066 959 1147 probitatis
978 1070 1163 1152 animosque
1175 1068 1228 1130 lro·

191 1154 312 1212 minum
331 1177 349 1214 a
361 1156 442 1214 vitiis
461 1155 501 1213 ad
518 1157 662 1214 virtutem
682 1153 862 1213 traducendi
883 1155 1037 1233 studium,
1052 1179 1118 1219 non
1135 1160 1229 1218 malus

192 1242 327 1317 animus,
339 1263 410 1301 eum
422 1242 461 1300 ad
474 1242 648 1302 scribendas
661 1242 782 1301 fabulas
793 1243 936 1302 excitasse
946 1245 1076 1321 videtur,
1091 1245 1230 1327 quemad·

192 1328 321 1389 modum
342 1351 359 1388 e
380 1330 484 1389 multis
504 1331 643 1412 opusculi
664 1332 710 1389 sui
732 1328 809 1389 locis
828 1330 1000 1392 luculenter
1025 1348 1161 1416 apparet.
1187 1334 1229 1394 Sic

192 1417 297 1476 scribit
310 1419 408 1492 Prol.‚
420 1420 476 1480 lib.
488 1421 532 1494 ll,
549 1440 579 1493 2,
593 1421 626 1491 33

333 1557 389 1607 Nec
399 1554 470 1608 aliud
480 1556 622 1628 quidquam
632 1575 679 1625 per
689 1554 798 1606 fabellas
808 1559 943 1626 quaeritur,

333 1636 420 1702 Quam
430 1639 574 1706 corrigatur
583 1656 655 1687 error
665 1649 693 1686 ut
704 1633 859 1686 mortalium.

193 1758 577 1836 searmr.,rrb.1,3,4;
670 1815 672 1819 ,

333 1895 436 1966 Duplex
445 1894 526 1950 libelli
535 1895 583 1947 dos
593 1910 647 1947 est:
659 1894 731 1966 quod
742 1897 821 1945 risum
832 1909 930 1960 movet,

333 1974 364 2024 Et
376 1974 447 2045 quod
457 1974 579 2044 prudenti
589 1977 667 2025 vitam
677 1972 786 2025 consilio
796 1986 893 2023 monet.

194 2092 314 2181 Quibus
325 2094 463 2174 adjungo
479 2096 582 2155 locum
598 2094 680 2153 Prol.
694 2094 754 2166 lll,
766 2092 815 2172 49,
829 2095 883 2164 5ος

332 2217 427 2286 Neque
437 2219 506 2266 enim
515 2229 606 2266 notare
617 2215 732 2283 singulos
742 2232 815 2265 ruens
824 2227 864 2263 est
872 2211 950 2275 milri,

333 2296 432 2344 Verum
440 2296 524 2361 ipsam
534 2295 613 2341 vitain
623 2304 648 2341 et
659 2309 744 2341 mores
753 2291 889 2342 hominum
900 2287 1045 2341 ostendere.

195 2420 263 2476 Huc
283 2439 407 2498 quoque
428 2418 621 2477 referendum
636 2417 721 2498 quod
735 2416 830 2476 habet
844 2418 899 2475 lib.
915 2416 954 2490 ll,
966 2437 995 2473 v.
1012 2416 1045 2487 5,
1060 2415 1098 2475 de
1111 2414 1239 2476 ardelio-

197 2525 272 2563 num
285 2507 426 2579 untione,
445 2505 541 2564 multa
557 2504 677 2586 agendo
695 2503 774 2564 nihil
788 2518 913 2586 agente3

336 2636 411 2684 Hanc
421 2635 573 2699 emendare,
584 2638 605 2687 si
616 2650 703 2686 tamen
714 2653 834 2705 possum,
844 2632 913 2689 snio.

196 2754 232 2810 ln
251 2775 314 2833 qno
333 2769 437 2817 tamen
454 2756 573 2831 studio,
594 2779 695 2818 mores
711 2756 878 2817 hominum
891 2754 1082 2836 corrigendi,
1092 2751 1179 2834 justo
1192 2774 1242 2814 au·

196 2839 304 2900 dacior
317 2857 347 2901 et
362 2846 472 2925 paruin
488 2860 595 2905 cautus
612 2846 821 2929 providusque
836 2843 941 2919 fuisso,
959 2859 988 2903 et
1002 2842 1114 2902 urbem
1128 2843 1241 2925 princi·

196 2950 309 3010 pesque
319 2933 417 2993 nimio
434 2935 495 2994 sale
508 2934 685 2994 defricuisse
697 2933 853 3015 putandus
866 2946 917 2991 cst.
931 2934 980 3011 (1).
994 2931 1074 3006 Quae
1086 2951 1187 3011 quum
1202 2931 1242 2989 ita

131 3020 140 3036 ¹
196 3020 273 3092 sint,
287 3019 429 3101 equidem
443 3023 542 3091 nolim
559 3022 744 3081 contendere
756 3040 825 3079 cunr
839 3019 1005 3093 Sclreflero‚
1018 3018 1156 3100 primam
1174 3018 1243 3077 scri·

196 3108 368 3168 bendarum
377 3111 554 3171 fabularum
565 3109 800 3170 caussamfuisse
811 3108 1017 3167 calamitatem
1025 3107 1163 3186 inquam
1171 3104 1243 3165 odio

196 3206 225 3251 et
244 3199 452 3274 persecutione
473 3197 571 3278 Sejani
593 3197 734 3256 inciderit
748 3193 911 3268 Phaedrus,
933 3195 1003 3275 qui,
1017 3214 1116 3273 quum
1136 3193 1164 3253 ei
1179 3213 1244 3253 nou

196 3280 316 3341 licuerit
329 3303 430 3367 aperte
444 3288 484 3345 ob
497 3287 703 3353 adversarium
717 3299 884 3367 potentem,
898 3281 1016 3345 occulte
1026 3281 1135 3340 saltem
1146 3294 1178 3341 et
1187 3280 1244 3341 sub

196 3371 363 3432 involucris
378 3375 555 3435 fabularum
567 3374 725 3435 fortunam
733 3394 894 3456 exponere,
903 3370 1165 3455 depingendoque
1179 3391 1246 3430 mo·

197 3476 243 3515 res
257 3456 321 3535 ejus
332 3474 362 3518 et
374 3461 506 3542 flagitia,
520 3463 602 3521 velut
614 3461 765 3521 ultionem
783 3481 901 3519 sumere
916 3458 952 3517 dc
964 3458 1050 3539 ipsc,
1065 3477 1160 3539 seque
1171 3476 1246 3517 con·

198 3544 291 3604 solari
297 3548 339 3606 sic
348 3554 521 3631 susceperit.
530 3552 575 3609 lta
586 3551 668 3609 enirn
678 3549 823 3628 intelligit
831 3548 934 3607 locum
943 3544 1036 3620 Prot,
1045 3545 1100 3605 lib.
1109 3546 1165 3621 ill,
1177 3545 1247 3620 34.

198 3632 246 3707 4ο.
262 3635 319 3694 Sed
334 3637 543 3698 antecedentia
558 3639 682 3711 docent,
696 3659 769 3697 vero
782 3658 843 3696 csso
856 3636 1065 3707 simillimum,
1076 3632 1247 3694 Phaedrum

197 3719 339 3796 demum,
353 3723 475 3783 duobus
486 3726 641 3806 prioribus
653 3724 831 3783 fabularum
842 3723 931 3794 libris
942 3724 974 3781 in
986 3719 1098 3800 vulgus
1111 3721 1249 3792 emissis,

198 3807 232 3866 in
247 3806 355 3868 odium
376 3809 492 3868 venisse
507 3809 624 3890 Sejani,
646 3811 779 3869 auctoris
801 3808 983 3868 calamitatis
1003 3828 1082 3880 suae3
1106 3807 1249 3888 adeoque

197 3879 331 3978 pristiam
351 3895 530 3956 fabularum
549 3896 841 3957 conscribendarum
852 3917 991 3957 caussam
1010 3915 1076 3952 non
1091 3893 1188 3953 fuisse
1205 3914 1250 3954 ca·

198 3985 385 4060 imitatem,
408 3986 473 4046 imo
498 4007 571 4046 vero
594 3984 736 4046 homines
761 3984 947 4046 emendandi
973 3982 1173 4044 desiderium.
1203 3978 1250 4041 Ad

200 4066 284 4153 quod
299 4071 460 4132 accedebat
472 4071 571 4132 laudis
585 4087 613 4132 et
628 4073 733 4151 gloriae
749 4074 913 4155 cupiditas,
929 4071 1011 4133 illius
1025 4071 1163 4130 maxime
1179 4086 1251 4149 quoe

234 4249 459 4320 (1)Desbillonius
471 4250 487 4303 l.
501 4270 522 4301 c.
533 4270 560 4322 p.
572 4267 626 4301 xrrr.
