2820 5018
534 438 802 507 EXGURSUS
825 442 932 508 XHi

447 585 451 594 ¹
488 628 825 743 excursus
852 656 980 744 uui

460 859 511 909 An
536 858 641 909 LIBRI
666 859 677 908 Ι
703 857 891 911 FABULAM
917 860 1018 913 XXX.

247 1048 298 1106 Vs.
312 1066 339 1126 7.
352 1045 445 1104 Statio
456 1055 598 1124 separata.
611 1043 647 1102 in
660 1042 740 1102 MSS.
754 1040 834 1102 Pith.
847 1056 877 1102 et
890 1044 1047 1106 Remens.
1061 1049 1190 1131 scriptum
1199 1066 1239 1108 est:

208 1149 248 1195 cst
269 1136 341 1193 ratio
361 1144 509 1214 scyrorum,
537 1135 643 1212 iruptit,
669 1156 705 1191 ac
724 1131 868 1193 diversum
891 1155 1004 1215 qeuus.
1034 1136 1142 1219 Itaque
1160 1140 1240 1197 mirum

209 1222 304 1282 videri
319 1233 418 1302 potest
432 1221 564 1293 nemini,
581 1221 671 1280 istum
686 1240 810 1301 quoque
824 1220 938 1281 locum
957 1224 1053 1284 varie
1066 1246 1127 1286 esse
1139 1225 1242 1285 soliitin-

208 1324 285 1371 tum.
304 1309 482 1370 Gronovius
495 1322 600 1368 tuetur
620 1309 779 1368 lectionem
795 1308 974 1386 Codicum,
1002 1324 1043 1373 ut
1062 1315 1243 1375 minitatio

208 1401 349 1472 vivendi3
365 1398 447 1480 quod
464 1399 503 1458 ab
520 1399 579 1459 iroe
598 1399 665 1459 loco
683 1413 726 1458 est
744 1397 892 1458 alienum.
916 1400 969 1462 Sic
989 1402 1155 1464 ediderunt
1166 1414 1244 1486 puter

208 1489 459 1563 Rittersbusium‚
481 1490 581 1549 Nevel.
601 1492 701 1549 Ursin.
723 1486 844 1548 Prasch.
868 1491 917 1549 ita
942 1504 1077 1567 tamen,
1100 1508 1134 1554 ut
1151 1492 1241 1554 infuit

210 1579 403 1641 Rittershusii
421 1581 476 1640 sit:
494 1584 567 1638 ratio
579 1593 619 1639 est
630 1590 775 1661 separata,
790 1580 847 1652 ait,
866 1602 899 1638 a.
920 1581 953 1639 d.
973 1607 1007 1665 y.
1031 1584 1147 1644 Probat
1162 1585 1244 1644 Ritus·

211 1668 279 1730 hus.
302 1669 463 1729 lectionem
486 1669 561 1728 Cod.
587 1667 665 1728 Pith.
689 1680 729 1727 est
750 1669 823 1727 ratio
844 1684 1015 1749 separata,·
1041 1673 1096 1734 sed
1119 1694 1201 1755 quum
1217 1668 1247 1728 vd

212 1760 254 1821 sic
269 1759 417 1819 claudicet
428 1756 544 1831 versus,
558 1761 588 1817 τὸ
605 1760 647 1817 ait
663 1755 810 1817 removeri
822 1756 910 1832 vuit,
925 1773 965 1820 ut
979 1782 1021 1822 ex
1037 1764 1137 1844 glossa
1151 1764 1247 1842 intflpt·

213 1840 316 1913 situm.
335 1852 452 1909 Contra
469 1848 501 1908 in
518 1849 661 1909 Editione
673 1847 804 1908 Neveleti
822 1846 964 1929 iegitur:
989 1865 1037 1913 est
1054 1858 1126 1915 ratio
1140 1865 1249 1935 σφω,

215 1941 271 2012 ait,
290 1959 319 1996 a.
337 1934 365 1995 d.
385 1959 430 2017 q.,·
447 1936 594 1996 Ursinus:
613 1948 654 1994 est
670 1947 803 2016 separata
826 1939 905 1997 ratio
929 1961 962 1998 a.
985 1939 1019 2000 d.
1043 1965 1075 2023 q.
1092 1941 1147 2002 Alii
1163 1941 1250 2021 legunt:

216 2030 311 2100 natio,
332 2028 387 2099 uit,
410 2038 543 2105 separata
557 2045 591 2083 ac
605 2022 747 2084 ditersum
758 2036 798 2083 est
816 2046 925 2105 penus.
947 2030 1000 2089 lta
1024 2031 1136 2113 Rigalt
1153 2016 1181 2090 iri
1196 2027 1251 2087 Edit

218 2141 251 2190 23
279 2115 423 2177 Scheffer.
449 2116 556 2174 Danet.
583 2115 716 2173 Maittar.
737 2112 857 2174 Waleh.
886 2116 1064 2182 Notionem
1087 2122 1124 2182 de
1145 2116 1251 2182 animai-

218 2204 275 2264 bus
287 2206 360 2279 dici,
377 2201 511 2285 probunt
524 2200 633 2262 Scheff.
651 2200 759 2283 Rigalt.
775 2200 856 2261 Gud.
875 2205 1004 2284 quibus
1020 2208 1102 2269 adde
1116 2205 1251 2270 usumin

217 2286 305 2354 Thes.
332 2297 366 2354 L.
386 2295 420 2352 L.
439 2294 568 2351 Festus:
593 2316 606 2346 u
616 2292 649 2351 in
672 2290 829 2373 pecoribus
849 2288 960 2354 bonus
991 2313 1156 2379 proventus
1174 2294 1252 2355 ferun

138 2454 142 2463 ⁴
220 2384 297 2445 botta
309 2386 389 2444 natio
406 2380 527 2442 dicitur.
539 2407 553 2437 n
567 2382 650 2463 Virg.
669 2382 736 2442 [ΕΗ.
750 2382 823 2457 vll,
837 2382 919 2458 282,
938 2383 1071 2448 illorum
1085 2388 1119 2448 de
1132 2382 1253 2469 qmtode

220 2475 314 2554 equis
332 2472 378 2531 Sic
391 2472 506 2531 Graeei:
522 2475 667 2545 μελισσῶν,
680 2480 750 2550 μυῶν
761 2470 846 2544 itera,
864 2474 957 2554 apud
975 2476 1152 2537 Homerum.
1163 2473 1256 2533 Salm-

220 2563 280 2620 sius
299 2561 329 2618 in
353 2581 408 2619 ora
425 2558 513 2618 libri:
534 2571 574 2618 cst
592 2561 673 2618 natio
691 2581 785 2641 seper,
805 2561 862 2631 ait,
885 2583 917 2620 α.
935 2562 967 2623 d.
990 2588 1022 2647 9.
1048 2573 1080 2624 Τό
1096 2586 1171 2644 seper
1184 2580 1256 2620 erco-

219 2649 367 2727 gitnverat
388 2647 560 2727 Scioppius,
582 2646 703 2725 legens:
726 2660 765 2705 cst
778 2649 852 2704 ratio
873 2669 983 2729 separ,
1010 2655 1061 2719 ait,
1078 2675 1102 2708 α.
1118 2649 1143 2706 ri
1159 2670 1183 2728 q.
1203 2643 1254 2703 Sed

218 2751 299 2797 recte
313 2737 385 2795 viris
399 2735 512 2809 doctis,
532 2737 775 2816 iloogstrntano,
790 2738 1002 2817 Burmann0‚
1022 2741 1162 2820 multique
1180 2735 1255 2809 aiiiS,

221 2825 336 2908 placuit
355 2823 528 2883 emendatio
544 2825 654 2884 Gudii:
680 2837 718 2883 cst
732 2827 815 2883 statio
829 2841 986 2906 separata.
1016 2828 1169 2907 Unicuique
1185 2822 1256 2882 enirn

219 2913 403 2974 animalium
423 2911 529 2993 speciei
549 2913 629 2972 sedes
652 2926 694 2971 est
714 2928 742 2970 ct
764 2912 860 2971 statio.
882 2915 960 2975 vid.
980 2918 1086 2978 Notas.
1105 2916 1200 2993 Sicque
1213 2932 1255 2992 op

220 3008 295 3064 tirne
314 3002 475 3084 respondet
494 3024 595 3062 versus
612 3025 644 3084 7,
663 3003 777 3084 duplici
791 2999 985 3080 objectioni,
1007 3006 1082 3067 vs.5
1101 3020 1128 3065 et
1144 3004 1162 3062 6
1178 3002 1252 3061 iactr.

220 3094 393 3178 Bipontini‚
408 3093 539 3174 Scioppii
554 3109 582 3152 et
596 3093 731 3151 Salrnnsii
747 3104 922 3173 prementes
940 3099 1089 3179 vestigia,
1106 3095 1251 3156 ediderunt:

221 3196 261 3245 est
280 3186 365 3244 statio
384 3203 480 3263 separ,
498 3185 552 3256 ait,
573 3204 600 3241 α.
621 3181 649 3240 d.
670 3205 699 3263 q.
722 3182 808 3241 liisee
828 3183 1023 3263 obsequitur
1041 3186 1079 3247 cl.
1100 3181 1250 3245 Muchteru.

220 3271 403 3331 Laliemant.
417 3267 584 3328 Desbillon.
604 3291 675 3328 cunr
687 3269 851 3341 Brotieri03
870 3273 979 3347 statio,
1004 3278 1063 3349 ait,
1084 3281 1212 3354 sepamtr,
1226 3280 1251 3322 tt

219 3359 363 3418 diversum
377 3367 417 3416 est
433 3378 531 3438 penus.
554 3359 690 3438 Longius
711 3357 773 3415 abit
794 3356 924 3417 Bentlei.
945 3382 1049 3443 quem
1071 3361 1196 3445 sequitur
1208 3355 1249 3414 Cu

221 3447 427 3525 ninghamus:
449 3448 532 3519 Esto,
555 3449 662 3527 inquii,
684 3445 783 3529 dispar
798 3448 859 3505 vita
876 3468 915 3507 ac
932 3449 965 3509 d.
986 3472 1018 3532 9.
1039 3450 1128 3534 cujus
1145 3442 1248 3511 emm&

219 3533 311 3591 tionis
323 3532 520 3593 Burmannus
532 3555 571 3593 ne
586 3534 727 3595 meminit
740 3533 874 3614 quidem.

504 3733 839 3822 EXCURSUS
867 3735 991 3825 xlv

500 3947 553 3998 AD
578 3947 798 4000 PROLOGUM
824 3946 930 3999 Llulu
956 3950 996 4000 ΙΙ.

262 4137 312 4195 Vs.
340 4154 364 4192 1.
387 4134 478 4192 Varie
499 4132 582 4193 hunc
605 4133 708 4194 locum
731 4133 881 4214 explicare
904 4135 972 4192 ausi
995 4150 1074 4196 sunt
1094 4138 1247 4216 interpretes

219 4221 391 4286 Schefferus
406 4222 571 4298 existimat,
588 4244 680 4303 petrus
698 4243 739 4282 vs.
759 4243 787 4296 ι,
807 4221 955 4303 respicere
971 4244 1084 4287 vocem
1097 4220 1247 4285 mortaliwi
