2820 5018
148 472 187 546 24
243 460 256 487 ·
491 467 606 530 vrri
628 468 841 532 puanar.

146 607 307 687 stringere,
323 604 497 685 conjectura
510 620 553 665 est
568 607 777 687 Cannegieteri
791 606 840 684 (ι)
855 605 926 665 Non
938 607 1024 665 enirn
1035 620 1184 690 opportu-

147 694 269 751 niorem
284 694 427 768 licentia,
450 716 543 775 quarn
566 696 624 754 sibi
646 697 753 754 sumsit
775 692 938 769 Phaedrus,
960 687 1186 767 locumfuisie‚

147 800 242 860 quam
259 781 316 840 sub
338 783 521 863 imperatore
542 782 685 855 Claudio,
708 782 795 861 cujus
818 781 984 842 stoliditate
994 795 1026 843 ct
1039 782 1185 864 patientia

146 866 264 948 plures,
282 870 315 928 in
327 870 401 930 locis
420 872 511 930 etiam
524 871 655 952 publicis
671 885 762 952 atque
772 871 805 930 in
819 870 904 941 foro,
918 872 979 930 sint
991 870 1082 931 abusi
1094 891 1126 930 re
1136 890 1188 951 pn·

144 955 222 1014 riter
234 979 268 1017 ac
281 959 379 1018 verbis
393 961 498 1040 injurii
509 961 568 1040 (a);
581 959 721 1020 fabulam
734 959 773 1019 de
783 959 883 1040 tigillo
895 980 982 1040 rege,
993 957 1187 1019 contumeliis

146 1042 328 1122 inquinato.
344 1046 417 1108 huic
431 1050 607 1130 imperatori
620 1069 681 1107 csse
693 1048 897 1130 aptissimam
913 1048 1081 1107 convenire
1099 1046 1188 1105 etiam

149 1134 282 1210 tempori
296 1132 367 1194 lruic
380 1136 595 1196 libertinorum
607 1136 787 1216 potentiam.
800 1136 878 1193 Nam
889 1131 1084 1215 Eutychum,
1095 1131 1189 1192 Parti·

150 1214 312 1296 calonem,
330 1222 500 1298 Plriletum,
515 1245 592 1303 quos
605 1224 719 1282 amicos
736 1242 806 1281 suos
821 1242 886 1289 non
902 1219 1109 1281 inhonoratos
1127 1219 1190 1279 lau·

152 1299 202 1360 det
228 1305 388 1383 Phaedrus,
412 1310 571 1370 libertinos
594 1311 760 1368 arbitratur
779 1306 890 1380 fuisse,
913 1305 944 1365 id
964 1304 1051 1386 quod
1072 1305 1191 1366 servilia

152 1392 283 1453 nomina
302 1399 330 1455 ci
355 1398 490 1457 indicare
508 1397 660 1456 videntur.
681 1397 719 1453 At
735 1414 808 1453 vero
827 1393 851 1451 si
873 1392 1005 1453 Claudio
1023 1395 1192 1475 imperante

151 1473 284 1540 licentiae
298 1484 383 1543 locus
402 1486 478 1559 fuit,
492 1487 517 1544 si
532 1505 564 1542 m
583 1483 656 1543 locis
674 1479 805 1562 publicis
818 1493 909 1560 atque
921 1480 955 1538 in
967 1478 1038 1541 foro
1050 1478 1139 1539 licuit
1151 1479 1193 1539 in·

149 1561 541 1655 juriumesso,qui‚quaeso,
549 1572 614 1631 fieri
627 1571 728 1652 potuit
735 1583 769 1628 ut
780 1569 913 1644 licentia,
921 1590 1016 1649 quam
1024 1570 1085 1629 sibi
1092 1588 1194 1649 sump-

152 1672 233 1717 serat
243 1659 403 1738 Phaedrus,
413 1665 489 1723 vitio
503 1665 530 1721 ei
544 1674 717 1732 verteretur,
734 1661 818 1739 isque
830 1679 978 1739 magnum
993 1659 1067 1719 inde
1076 1670 1194 1741 caperet

152 1739 393 1810 detrimentum?
403 1751 459 1811 Sed
476 1765 579 1809 tamen
599 1747 825 1808 Particulonem
839 1763 930 1829 atque
943 1747 1099 1807 Phileturn
1109 1745 1194 1805 Clau·

154 1827 198 1888 dii
208 1833 301 1899 fuisse
312 1840 451 1915 libertos,
462 1861 526 1898 non
538 1838 634 1918 magis
645 1837 837 1918 negaverim,
847 1857 942 1917 quam
951 1835 1069 1897 librum
1079 1835 1121 1895 lv
1130 1830 1194 1893 etV

152 1915 348 2003 tabularum,
361 1926 420 1989 hoc
434 1940 596 2008 regnante,
610 1947 628 1984 a
640 1922 770 1984 Phaedro
785 1924 973 2006 conscriptos
984 1923 1089 1983 fuisse.

195 2010 257 2072 Cel.
271 2017 391 2090 Saxius,
406 2029 441 2075 ut
452 2029 634 2095 argumento
654 2012 735 2071 tituli
748 2012 872 2093 Prolog.
887 2013 930 2071 lll
942 2011 981 2072 ad
998 2009 1195 2095 Eutychum,

153 2100 296 2162 eumdem
318 2105 453 2166 fortassis
473 2105 525 2183 qui
550 2101 779 2183 potentissimus
800 2099 948 2179 Caligulae
967 2099 1097 2159 libertus
1117 2097 1196 2169 tuit,

152 2199 226 2249 teste
241 2192 372 2276 loseplro
384 2195 438 2272 (3),
451 2191 543 2251 simul
555 2204 589 2248 ut
602 2190 672 2249 loco
683 2190 800 2248 Senecae
814 2187 855 2267 (l)
866 2187 1102 2270 quodammodo
1115 2187 1197 2247 satis·

151 2271 280 2354 faceret,
294 2279 396 2339 medio
410 2276 576 2335 Phaedrum
588 2275 711 2333 Claudii
729 2277 918 2357 principatus
936 2266 1076 2358 tampdre
1094 2274 1197 2356 posuit

152 2368 188 2425 A.
201 2367 234 2425 C.
252 2367 290 2440 48
312 2370 361 2445 (5).
381 2364 489 2443 Sejano
505 2362 569 2444 jam
588 2365 749 2436 exstincto,
768 2379 908 2423 nostrum
922 2363 1045 2424 fabulas
1059 2383 1130 2423 suas
1144 2382 1198 2442 op·

152 2458 290 2537 posuisse
311 2455 487 2533 conjectura
504 2468 548 2512 cst
566 2455 654 2511 Joan.
673 2452 800 2511 Fabricii
822 2454 873 2531 (6).
892 2453 969 2513 Sunt
988 2452 1124 2532 denique
1143 2448 1197 2531 qui

151 2559 288 2625 poetam,
310 2546 481 2626 imperante
506 2544 641 2623 Augusto
662 2543 785 2616 vixisse,
805 2541 857 2606 teti
880 2541 1002 2602 fabulas
1022 2544 1056 2602 in
1086 2540 1198 2622 quibua

152 2651 270 2690 nomen
282 2631 382 2712 Sejani
396 2631 516 2712 legitur,
529 2631 654 2691 demum
666 2631 724 2691 sub
734 2629 865 2689 Claudio
874 2629 952 2712 juris
961 2629 1082 2713 publici
1092 2627 1200 2688 fecitte

154 2716 311 2780 affirment
325 2722 375 2802 (7).

191 2806 220 2864 si
241 2810 308 2886 quis
325 2810 361 2868 iis
379 2809 522 2869 adsentiri
537 2811 609 2870 velit
621 2830 690 2890 quae
704 2831 795 2890 supra
814 2809 982 2891 disputavi,
996 2808 1088 2868 nixus
1104 2824 1197 2885 argu·

149 2895 281 2970 mentis,
305 2918 373 2956 non
399 2899 519 2980 penitus
545 2896 800 2970 contemnendis,
823 2897 910 2957 nulla
932 2909 1116 2979 potestesse
1140 2892 1198 2952 du·
1221 2962 1228 2977 ⁸

147 2979 260 3042 bitatio
277 2983 447 3043 Phaedrum
462 2983 591 3064 jamjam
611 2986 719 3045 vixisse
735 3000 881 3065 regnante
899 2984 1028 3044 Octavio
1046 2984 1196 3062 Augusto.

147 3066 177 3125 Is
190 3071 274 3128 enirn
292 3092 367 3130 eum
379 3072 587 3131 vindicaverat
600 3074 632 3130 in
647 3070 830 3144 libertatem,
843 3086 873 3130 et
891 3070 963 3130 facit
980 3068 1130 3128 Phaedrus
1141 3063 1199 3125 lio·

146 3154 309 3215 norificam
329 3160 466 3217 nominis
481 3158 544 3238 ejus
558 3158 756 3217 mentionem.
770 3160 875 3218 Aureae
886 3171 991 3217 tamen
1000 3155 1098 3216 artatis
1107 3152 1201 3235 scrip·

145 3244 265 3303 toribus
279 3259 372 3327 pocta
386 3260 547 3328 propterea
558 3267 623 3305 non
632 3247 881 3313 adnumerandus
889 3260 949 3318 est3
962 3264 1059 3323 quum
1069 3242 1198 3302 demum

145 3332 203 3392 sub
227 3333 356 3393 'liberio
384 3336 456 3393 artis
478 3337 604 3416 poeticae
628 3335 719 3395 laude
740 3335 847 3395 llorere
870 3348 899 3393 et
919 3332 1041 3393 fabulas
1064 3330 1199 3391 scribere

144 3423 282 3503 coeperit.
303 3425 431 3484 Mortuo
452 3427 538 3485 enirn
552 3429 706 3506 Augusto,
718 3446 816 3506 quum
837 3425 976 3484 Tiberius
1000 3442 1085 3481 anno
1101 3422 1200 3503 impe·

179 3594 219 3666 (r)
235 3597 302 3648 Diss.
322 3596 365 3647 cit.
382 3594 415 3648 de
430 3596 515 3647 AEtate
535 3598 655 3670 0¹51l'l0
700 3617 760 3651 nera
773 3599 806 3651 de
820 3597 931 3651 letlm
944 3591 1109 3666 antiquitatis
1120 3592 1203 3663 scrip·

141 3674 242 3726 Ariani.
255 3695 281 3744 p.
294 3692 345 3744 270
358 3695 404 3747 sq.
700 3692 761 3731 1072,

176 3753 215 3824 (a)
233 3755 356 3826 Exempla
373 3755 451 3808 dabit
467 3756 608 3810 Suetonius
625 3760 651 3809 in
733 3756 772 3835 (5)
783 3757 842 3809 Vid.
857 3757 926 3809 Saxii
939 3758 1078 3808 Onomaat.
1094 3765 1160 3803 tom.
1173 3752 1201 3818 l,

142 3834 235 3887 Claud.
249 3855 308 3908 cap.
321 3838 379 3888 XV.
699 3856 759 3908 pap.
772 3837 834 3901 ²4¹·

174 3917 213 3988 (3)
226 3920 353 3990 Anticptit.
378 3917 488 3970 Judaie.
510 3919 555 3970 lib.
575 3919 650 3985 xlx,
732 3915 772 3985 (6)
790 3919 819 3967 ln
834 3916 899 3966 Hiat.
915 3911 1036 3965 lliblioth.
1052 3910 1202 3963 Fabrician.

140 4016 198 4070 cap.
216 4001 261 4067 Ν,
278 4017 339 4071 pag.
357 3999 436 4069 942,
453 3999 580 4052 Editionis
598 4000 653 4051 112.
698 3997 726 4045 P.
737 3996 785 4057 vt,
799 4012 859 4063 pag.
872 3993 933 4060 319.

138 4098 271 4152 veroamp.
732 4074 771 4144 (7)
781 4076 823 4125 lo.
840 4077 892 4127 Pet.
906 4071 1024 4125 Millerus
1037 4075 1064 4123 in
1078 4073 1154 4123 l'raef.
1170 4069 1206 4123 ad

170 4160 211 4232 (4)
221 4160 327 4215 Comol.
342 4160 376 4221 ad
394 4158 484 4233 Polyb.
499 4158 528 4210 C.
540 4157 651 4223 xxvu,
697 4155 765 4207 Edit.
774 4154 881 4209 rheda.
890 4153 974 4207 Ilcrol.
988 4152 1068 4221 1753,
1078 4155 1106 4205 in
1116 4153 1206 4206 lucem

137 4236 234 4311 dequo
247 4241 308 4295 loco
323 4240 389 4295 vide
400 4227 653 4309 infra'Disputatio·
701 4236 830 4289 emissam.
