2820 5018
311 449 777 520 mous‘rnrurrnos.
1008 460 1072 549 289

157 619 223 674 nus,
236 601 298 659 sive
314 610 426 680 spectes
440 617 522 670 rem,
541 596 603 655 sive
619 596 805 670 orationem,
821 599 953 679 scriptor
964 617 1075 683 putan.

166 686 279 746 saeculo
296 686 337 745 tv
353 683 437 745 houd
452 682 613 763 indignus:
636 682 763 758 «Quidt
780 683 865 764 quod
884 686 939 766 ipsi
956 691 1074 754 Avinno

157 774 253 837 endus.
271 776 319 835 Sic
334 776 418 834 enim
436 772 602 850 scribit(r):
626 771 738 832 scilicet
754 786 825 832 sunt
837 776 1008 858 Anonymi,
1021 800 1075 846 aut

156 911 165 940 ‚
184 878 239 924 aut
257 863 336 922 Accii
353 860 513 943 cujusdam
532 860 678 934 nomine,
696 859 805 921 eodem
824 865 968 925 carminis
985 890 1075 949 gene.

157 951 257 1026 entis,
279 951 395 1011 Avieno
415 948 581 1031 inscriptis,
605 948 662 1007 nisi
687 947 841 1023 meliores,
863 950 1023 1016 inferiores
1044 981 1077 1021 re
1137 958 1144 973 ‘

159 1040 280 1099 ratione
299 1057 362 1097 non
382 1048 463 1096 sunt.
484 1035 617 1094 Licuerit
638 1036 759 1094 Perotto
780 1036 877 1098 libros
895 1036 1022 1119 habere,
1043 1047 1077 1107 in

163 1127 212 1189 hae
234 1148 360 1210 quoque
382 1126 498 1185 Avieno
521 1125 674 1205 inscriptae
697 1136 812 1184 essent:
838 1125 886 1186 vel
909 1128 1028 1193 licuerit
1050 1135 1077 1196 ei

157 1219 223 1292 nri,
241 1230 295 1276 ant
308 1214 446 1298 judicare
463 1215 611 1296 denique,
629 1227 787 1296 utrasque,
806 1215 853 1275 vei
872 1215 927 1278 bas
946 1225 1078 1287 maxime

157 1330 178 1383 r,
191 1309 298 1367 Avieni
311 1327 381 1366 esse.
392 1331 406 1361 rr
419 1303 514 1381 Quod
525 1304 651 1386 quidem
664 1303 788 1364 Christii
802 1304 841 1364 de
854 1308 1019 1391 Anonymo
1029 1313 1079 1395 ju.

162 1395 248 1458 baud
265 1398 420 1457 immerito
438 1396 553 1455 mirum
568 1415 603 1454 ac
619 1394 722 1453 minus
737 1408 855 1454 rectum
871 1397 993 1461 videtur
1010 1405 1078 1464 Les·

157 1488 188 1565 r).
212 1487 248 1547 ln
273 1485 430 1545 contraria
449 1483 546 1542 currit
570 1481 702 1562 Scaliger
714 1481 771 1559 (3),
796 1483 850 1563 qui
877 1486 1077 1568 Anonymum

159 1587 262 1634 oetam
279 1587 310 1633 et
328 1585 473 1654 argutum
490 1585 521 1630 et
539 1583 732 1644 accuratum,
751 1590 823 1629 cum
842 1571 884 1631 ob
900 1572 1080 1640 fabularum

157 1683 193 1720 ·m
210 1660 423 1734 ediscendum,
440 1674 509 1720 tum
527 1672 652 1742 propter
668 1679 813 1717 versuum
830 1661 997 1724 munditias
1011 1668 1081 1727 imi·

157 1774 178 1825 ¹3
195 1752 291 1811 sedin
304 1753 492 1810 recentiorum
506 1760 666 1831 poetarum
683 1746 864 1807 habendum
878 1771 1028 1814 numero:
1043 1757 1080 1817 td

157 1855 250 1902 retum
270 1863 287 1901 u
310 1839 363 1901 tuli
382 1842 465 1913 viro,
485 1839 710 1920 unnsquisque,
732 1837 890 1919 elegantiae
911 1853 940 1899 et
960 1842 1082 1924 pulchri

157 1929 294 2003 mbutus,
315 1940 393 1988 recte
412 1923 601 2002 mireturffi).
619 1923 745 1984 Barthio
766 1923 804 1984 de
824 1927 988 2007 Anonymo
1006 1932 1082 2011 quid

158 2017 252 2091 uerit,
267 2039 358 2099 supra
374 2016 521 2086 vidimus3
534 2013 657 2073 Bebeiio
667 2013 708 2091 (5)
720 2033 793 2072 vero
808 2011 855 2073 hae
867 2013 981 2075 fabulor
996 2019 1084 2080 nullu

169 2117 198 2164 et
216 2104 334 2186 lepore,
354 2104 449 2163 Musis
467 2101 577 2160 scilicet
596 2112 626 2160 et
645 2100 757 2160 Gratiis
776 2103 1022 2183 repugnantibus
1040 2107 1084 2166 vi·

162 2194 297 2275 scriptu,
314 2194 368 2252 ubi
385 2193 501 2274 puritas
514 2211 640 2272 quoque
656 2190 823 2249 verborum
837 2189 1032 2254 desideretur.
1047 2196 1085 2256 ln

158 2285 280 2342 irorum
299 2283 548 2342 doctissimorum
569 2280 704 2340 dissensu
723 2293 754 2339 et
768 2279 958 2362 judiciorum
976 2282 1085 2346 discre-

159 2372 262 2433 medio
279 2373 393 2432 ibimus
409 2371 559 2431 tutissimi.
576 2372 741 2430 Fatenmur
755 2370 864 2451 igitur,
882 2369 1085 2454 Anonymum

169 2462 302 2541 vestigiis
317 2463 451 2521 insistere
460 2462 516 2538 (6),
529 2459 655 2543 ejusque
669 2456 790 2519 fabulas
804 2479 870 2520 non
884 2461 971 2519 omni
985 2481 1087 2525 curere

158 2551 203 2624 ia3
219 2551 421 2610 concedamus
437 2550 559 2610 easdem
568 2547 721 2631 jucundas
735 2569 798 2608 esse
811 2563 841 2608 et
854 2547 957 2622 utilem
973 2562 1003 2610 at
1014 2574 1086 2634 pro·

157 2641 309 2700 tinitntem
328 2641 507 2714 barbarum,
530 2640 643 2721 passim
660 2639 799 2714 obviam,
820 2640 959 2722 ineptum
979 2642 1087 2703 verbo·

161 2749 248 2801 rum,
267 2750 354 2810 aeque
372 2750 407 2788 oc
428 2727 603 2788 affectatam
622 2726 783 2786 elisionum
805 2725 927 2808 fugem,
946 2747 1003 2786 ncc
1022 2751 1087 2790 non

158 2816 267 2875 stiones
285 2816 458 2897 frequentes
475 2814 544 2896 jure
561 2813 780 2896 vituperandus
792 2815 843 2895 (7).
864 2816 948 2890 Quos
964 2813 1087 2876 Pbaedri

158 2955 224 3011 olus.
241 2959 273 3010 dc
289 2959 410 3021 rhodo,
423 2977 448 3028 p.
464 2957 505 3025 39.
584 2958 664 3020 derts,
677 2957 828 3027 werriqsteus
837 2956 911 3005 einen
923 2955 1032 3031 Hofliuq
1045 2959 1093 3008 der·

159 3076 163 3085 .
181 3037 218 3106 Ε).
236 3040 364 3110 Anonym.
382 3036 497 3088 Neveiet.
515 3053 541 3106 p.
583 3035 851 3110 Antonioerqedocdt
865 3034 956 3085 baben.

173 3116 224 3166 ait:
246 3115 330 3166 Wenrr
347 3116 424 3166 dieses
443 3110 546 3165 Untett
619 3117 658 3187 (3)
671 3118 699 3167 L.
714 3136 736 3167 c.

158 3197 266 3267 ur'issipet
283 3215 315 3245 ru
336 3215 397 3266 seyn
416 3195 544 3261 scheinet,
567 3190 571 3197 ’
621 3197 659 3268 (4)
671 3198 710 3248 Cf.
723 3196 827 3267 Iaessr'rrp
841 3195 856 3245 Ι.
871 3215 893 3245 c.
909 3215 935 3266 p.
952 3195 987 3266 49
998 3217 1035 3270 sq.

158 3294 175 3327 rs
191 3276 331 3348 pieicirsam
353 3275 477 3329 zwiscirerr
495 3275 545 3326 den
621 3277 660 3348 (5)
680 3278 761 3349 Epist.
784 3277 829 3348 qui
850 3290 969 3329 auctores
990 3278 1091 3349 legendi

159 3376 210 3433 qen
232 3358 274 3409 des
296 3358 377 3409 Barth
400 3359 456 3409 uud
471 3357 497 3406 J.
519 3358 545 3408 C.
588 3355 1091 3429 sintndeloquentiamcompnrandorn,

159 3440 260 3488 ¹mitten
274 3440 337 3489 inne
350 3438 426 3512 Iieqt,
441 3456 467 3490 so
479 3437 512 3490 ist
524 3454 549 3487 es
589 3436 649 3489 edit.
664 3437 801 3507 Argentor.
819 3433 898 3501 1513,
911 3437 989 3505 ind&

158 3538 212 3568 rum
225 3519 297 3571 nicht
307 3521 409 3571 minder
416 3520 547 3590 paradox,
623 3517 661 3587 (6)
671 3514 811 3569 Nevcletus
820 3517 847 3567 in
855 3519 916 3569 Not.
928 3519 953 3568 in
961 3521 1091 3595 Anonym.

159 3619 174 3651 ’ς
191 3601 237 3651 der
254 3600 461 3675 Rauqordrruuq,
480 3598 548 3650 noch
589 3597 669 3650 Fabb.
695 3617 755 3668 pag.
782 3598 847 3663 668,
869 3600 977 3672 Myrhot.
1002 3605 1093 3676 AEsop.

173 3700 234 3730 marr
251 3680 415 3752 pewtr'bnlicb
430 3681 471 3732 die
489 3682 550 3750 spii-
593 3677 723 3729 «Simiam
735 3675 1041 3735 Pdoedrihuncnostrum
1049 3686 1096 3755 qui

159 3763 265 3814 mirobeo
279 3766 385 3814 Antores
398 3762 450 3832 auf
461 3763 550 3813 einorr·
591 3758 684 3811 dixerit
698 3778 751 3810 non
766 3761 896 3812 erraverit.
912 3763 950 3813 lta
964 3764 1033 3814 enim
1046 3778 1093 3818 est.

159 3862 191 3895 err
205 3842 279 3910 tiissr,
292 3862 318 3894 ro
326 3841 450 3917 qewaltip
462 3842 551 3891 wider·
591 3839 777 3909 Quascumque
789 3839 843 3891 iere
856 3838 958 3892 fabulas
971 3861 1095 3895 unacum

159 3922 289 3974 dereiner
298 3918 552 3974 barbariscirerrVers-
591 3917 699 3971 Phaedro
716 3918 851 3986 describit,
867 3919 1001 3974 Phaedrum
1021 3925 1047 3974 in
1066 3926 1097 3980 iis

169 4002 284 4054 nemiicb
301 4003 365 4053 wird
380 4003 425 4053 der
441 4002 552 4072 Anouy-
594 4001 1097 4073 sequitur,etnonnunquamejusverbe

159 4081 284 4138 feinmai
300 4084 341 4133 eiu
359 4082 490 4144 Scriberet,
506 4081 554 4132 wie
595 4095 710 4134 servat.-

159 4184 164 4210 ε
189 4182 241 4214 nur
260 4164 355 4214 immer
374 4164 450 4213 einen
472 4163 554 4213 virum
630 4161 668 4232 (7)
688 4163 813 4233 lessingii
831 4163 960 4234 Anonym.
980 4162 1095 4225 Nesciet⁴

159 4263 214 4295 rem
236 4244 277 4295 des
303 4245 399 4295 vimen
422 4238 555 4293 Jatrtrun·
596 4261 622 4313 p.
638 4240 686 4304 53,
702 4237 884 4308 54,coll.iis‚
900 4239 1097 4312 qundeeiisiut
