2820 5018
193 429 253 496 160
318 428 386 493 FB.
409 426 498 493 Jos.
521 424 822 493 DESBlLLOllS
845 427 1104 498 PRAEFATIO.

189 578 282 654 mihi,
299 576 359 637 nisi
377 593 414 632 ex
432 591 515 630 mera
533 568 723 651 conjectura,
737 571 821 644 licet3
834 572 886 633 vix
899 587 1004 635 tamen
1016 596 1148 658 possum
1160 581 1234 660 quin

186 687 312 754 prorsus
325 662 508 733 existimem,
521 658 592 718 librr
609 660 702 741 primi
719 674 834 720 sextam
848 660 887 721 de
899 662 1011 723 Soleet
1021 664 1118 725 Ranis
1134 665 1176 726 ad
1189 667 1234 727 irr-

187 753 305 816 ridiam
321 749 429 832 Sejano
446 745 619 805 faciendam
635 746 832 827 pertinuisse3
852 746 936 830 quod
955 750 1078 811 Liviam
1091 751 1162 827 ille,
1177 752 1235 813 sire

188 837 348 911 Livillam,
364 834 454 893 Drusi
472 833 599 892 Nemnis
614 833 789 894 Germanici
803 832 915 909 filiam,
930 856 1000 917 qua·
1014 836 1091 899 Caio
1108 840 1233 922 Augusti

187 927 313 1011 Nepoti,
334 943 466 1004 moxque
479 923 582 981 Druso
596 922 710 982 Tiberii
724 921 792 982 filio
807 924 901 985 unico
918 940 1008 987 antea
1026 928 1231 1010 nupseram),

188 1036 315 1078 uxorem
330 1012 388 1072 sibi
400 1030 491 1070 ausus
502 1022 579 1069 esset
592 1010 762 1092 postulare,
779 1024 809 1071 et
819 1012 876 1075 ists
887 1014 1060 1077 ambitione
1074 1028 1140 1076 tam
1154 1017 1231 1075 inso-

85 1132 88 1137 ·
187 1103 278 1173 lenti,
292 1099 377 1178 vulgi
393 1117 565 1170 rumorem,
580 1096 689 1157 odium
708 1120 886 1180 procerum,
904 1102 1017 1163 Tiberii
1032 1104 1131 1186 ipsius
1141 1104 1231 1186 suspi-

188 1195 292 1253 ciones
306 1188 471 1250 excitasset.
493 1187 581 1245 Hanc
600 1208 695 1268 porro
710 1187 871 1266 fabellam,
889 1188 976 1273 eujus
990 1193 1155 1277 perspicua
1171 1192 1231 1252 bre-

188 1283 266 1340 vitas
279 1281 355 1338 mira
368 1298 438 1336 cum
454 1274 605 1357 elegantia
625 1277 787 1359 conjuncta
805 1294 863 1354 est,
882 1278 1035 1363 integram
1053 1282 1228 1353 referam

187 1382 217 1427 et
232 1378 368 1427 nostram
383 1363 577 1444 subjiciemus
592 1364 896 1446 interpretationem:

329 1519 413 1570 Vicini
424 1517 486 1568 iuris
496 1515 611 1569 celebres
621 1517 684 1569 vidit
694 1521 797 1589 nuptias

329 1600 454 1668 AEsopus,
465 1609 490 1647 et
499 1598 625 1648 continuo
635 1616 739 1650 narrare
748 1601 838 1670 incipit
848 1621 854 1650 ε

364 1679 476 1728 Uxorem
488 1674 621 1746 quondam
631 1675 674 1726 Sol
685 1694 765 1746 quum
774 1676 850 1728 vellet
859 1677 968 1744 ducere,

329 1756 475 1808 Clamorem
486 1756 563 1804 usna
573 1751 699 1803 sustulere
709 1753 741 1803 erl
752 1753 845 1807 sidere.

329 1838 454 1888 Convicio
464 1844 598 1904 permotus
609 1834 697 1904 querit
706 1833 808 1903 Jupiter

327 1916 437 1966 Causam
448 1910 565 1984 querele.
576 1909 702 1977 Quaedam
712 1925 767 1963 tum
777 1915 861 1984 stagni
870 1912 972 1966 incola:

328 1997 420 2058 Nunc,
431 1993 528 2063 inquit,
539 2010 630 2041 omnes
640 2009 707 2042 unus
717 1995 801 2044 exurit
810 1992 895 2060 lacus,

328 2075 456 2144 Cogitque
466 2073 571 2122 miseras
581 2069 653 2121 arida
663 2069 724 2123 sede
733 2074 815 2123 emori
825 2095 830 2122 z

327 2153 460 2222 Quidnam
472 2153 588 2202 futurum
600 2162 651 2216 est,
662 2153 683 2203 si
693 2155 786 2204 crearit
795 2152 905 2205 liberos?

187 2300 306 2360 Liviam
322 2294 475 2355 adulterio
495 2308 673 2376 corruperat
687 2293 826 2376 Sejanus,
844 2295 1096 2379 perpuleratque,
1114 2298 1228 2359 utDrrr·

188 2410 257 2450 sum
279 2386 439 2457 maritum,
459 2383 573 2441 Tiberii
596 2380 748 2464 filium(a)
768 2405 887 2445 veneno
909 2384 978 2445 tolli
997 2388 1127 2447 sineret:
1148 2400 1228 2469 atque

189 2478 283 2538 ambo
305 2484 514 2556 speraverant,
536 2493 656 2531 moram
675 2493 801 2533 omnem
819 2473 912 2534 fuisse
929 2474 990 2535 boc
1008 2476 1122 2536 scelere
1137 2474 1227 2537 subls-

188 2582 268 2640 tam,
281 2561 594 2646 quominus-celebres
607 2560 715 2621 fierent
728 2565 859 2645 nuptiae:
876 2576 907 2623 at
920 2564 1029 2640 Ranae,
1047 2563 1081 2624 id
1094 2579 1153 2641 est,
1167 2564 1228 2626 uni·

190 2674 283 2716 versas
300 2650 426 2711 familiae
445 2652 607 2724 Romane,
627 2672 759 2731 quarum
773 2653 839 2727 Sol,
854 2653 885 2711 id
899 2667 958 2728 est,
972 2654 1116 2736 Sejanus,
1133 2672 1229 2716 omnes

188 2744 288 2818 lacus,
303 2742 333 2800 id
351 2755 408 2814 est,
426 2760 533 2799 ornnes
545 2741 656 2799 domos
668 2738 881 2815 exhauriebat,
894 2744 1019 2821 Jorem,
1032 2743 1137 2821 idest,
1151 2742 1230 2804 'libr-

189 2837 273 2896 rium
287 2830 403 2893 efficaci
422 2828 548 2889 tandem
562 2830 686 2911 querela
700 2845 948 2908 commoverunt,
968 2847 1002 2893 ut
1016 2832 1173 2894 nefarium
1189 2834 1229 2893 iu·

189 2935 325 3007 coeptum
337 2918 531 2978 disturbaret.

228 3009 321 3073 Haud
334 3008 433 3069 multo
446 3020 516 3088 post
530 3008 651 3067 excessit
662 3009 761 3067 Roma
771 3009 926 3084 Tiberius,
938 3030 1104 3092 nunquam
1118 3028 1232 3073 earrrre⁸

189 3104 325 3172 risurus3
339 3111 369 3158 et
383 3097 514 3179 Capreas
527 3098 600 3155 sein
616 3096 750 3156 insulam
762 3097 889 3158 abdidit.
901 3100 988 3159 Tunc
1002 3099 1100 3176 forte,
1114 3120 1232 3185 compo·

189 3193 247 3252 sita
259 3189 318 3251 sibi
330 3188 497 3267 amicisque
508 3199 645 3260 tantum,
659 3186 772 3247 tradita
787 3190 819 3247 in
832 3209 942 3248 manus
955 3189 1166 3253 multitudinis
1176 3190 1232 3251 fae

190 3282 230 3341 rit
243 3278 358 3339 fabella
367 3278 407 3357 (3)
426 3276 465 3336 de
481 3278 576 3337 Ranis
591 3298 693 3357 regem
708 3278 890 3359 petentibus.
903 3279 996 3356 Quod
1011 3281 1066 3341 ubi
1088 3280 1231 3343 resciverit

189 3369 329 3453 Sejanus,
349 3368 541 3427 occasionem
561 3364 641 3425 banc
660 3368 836 3449 arripuerit,
858 3382 893 3427 ut
909 3366 1072 3449 injuriam,
1093 3390 1185 3455 quarn
1199 3386 1231 3429 ει

189 3456 286 3517 altera
299 3452 413 3514 fabella
427 3474 527 3536 nuper
541 3468 710 3535 acceperat,
725 3454 933 3531 ulcisceretur,
950 3468 980 3514 et
993 3472 1167 3535 accusator,
1179 3470 1229 3517 tet·
1248 3488 1253 3505 =

189 3546 289 3626 tisque
308 3562 342 3600 ac
360 3538 454 3622 judex
473 3563 560 3601 reum
579 3542 648 3601 lesae
667 3541 832 3623 Maiestatis
843 3543 884 3622 (i)
902 3543 1069 3605 Phaedrum
1092 3546 1230 3607 daumare

189 3644 329 3692 tentaret.
343 3630 440 3710 Atque
454 3626 504 3688 hic
519 3630 645 3710 quidem
665 3630 912 3707 observabimus,
931 3633 1068 3714 potuisse
1082 3632 1229 3694 'liberium

190 3739 286 3803 parvo
300 3716 353 3775 illo
364 3714 479 3796 tigillo,
493 3716 577 3797 quod
587 3718 682 3776 Ranae
697 3719 862 3799 inquinant
874 3721 961 3779 omni
973 3720 1164 3781 contumelia
1171 3734 1228 3780 non

190 3810 292 3888 inepte
311 3803 481 3883 designari:
505 3804 594 3865 illum
614 3807 696 3866 enirn
717 3807 867 3881 Romani,
888 3828 923 3866 ae
939 3827 1002 3889 prae
1021 3810 1128 3868 ceteris
1140 3808 1228 3867 Duoet

190 3897 392 3968 exercituum,
414 3894 601 3973 militesque,
620 3910 650 3955 et
671 3894 770 3956 multo
788 3898 881 3956 etiam
902 3897 999 3978 magis
1017 3898 1110 3958 sociae
1127 3896 1225 3957 Gesta

224 4048 264 4121 (ι)
272 4048 355 4099 Tacit.
367 4050 434 4099 Ann.
445 4049 473 4098 L.
483 4050 526 4115 IV,
537 4068 560 4100 c.
569 4048 604 4118 39
612 4064 638 4103 er
647 4049 690 4116 ir.
768 4050 808 4120 (4)
816 4052 937 4114 Tacitus,
946 4050 1041 4104 Annal.
1051 4050 1109 4103 lib.
1120 4052 1144 4116 l,
1153 4068 1176 4101 e.
1184 4061 1222 4117 7¹2

224 4130 264 4200 (a)
274 4131 356 4181 Tacit.
370 4129 432 4181 ibid.
445 4150 467 4182 c.
481 4130 524 4200 67.
733 4127 767 4180 <le
775 4129 880 4182 Tiberio
890 4128 1015 4201 loquens:
1026 4130 1135 4205 Leporis,
1144 4125 1221 4199 ioqffls

224 4210 263 4279 (3)
275 4208 329 4260 Lib.
344 4209 369 4274 l,
382 4208 444 4269 fab,
460 4210 490 4264 ll.
735 4213 871 4280 majestatis
883 4212 1024 4266 aduerat.
