2820 5018
396 440 702 526 DlSPUTATIO
724 444 797 508 lll.
1060 454 1120 540 ¹7³

72 581 252 644 doctrinam
264 578 447 662 plerumque
455 578 627 662 jucundam
642 581 733 643 simul
747 597 778 642 et
789 580 1028 647 reconditiorem
1041 589 1126 651 exbi-

73 672 169 746 bent,
187 690 378 752 quamquam
393 671 432 730 ab
448 671 515 753 ipso
534 668 657 730 Phaedri
672 691 763 753 opere
779 671 962 734 illustrando
982 676 1126 739 aberrant

72 763 204 844 saepius,
216 773 248 820 et
261 780 332 821 raro
345 756 419 820 huic
430 760 609 842 castigando
621 762 801 822 inserviunt.
815 761 934 822 lbidcm
945 781 1049 827 rursus
1059 789 1127 850 pro·

76 851 151 925 diit,
166 869 252 910 anno
270 847 361 924 1664,
376 850 474 924 iuna,
489 851 546 910 ista
560 849 666 924 editio,
679 864 711 909 at
722 849 814 930 longe
829 850 1028 933 locupletior;
1039 877 1128 916 nam·

74 959 141 1022 que
159 941 274 998 Auctor
292 951 323 997 et
341 932 486 1019 gallicam
507 938 585 999 Lud.
607 941 700 999 lsaaci
715 941 755 999 Le
768 941 878 1000 Matre
888 941 924 1002 de
934 944 1062 1024 Sucy(r)
1079 947 1127 1005 in·

76 1028 347 1110 terpretationem,
374 1042 405 1088 et
429 1027 709 1089 animadversiones
731 1029 763 1088 iu
786 1049 854 1090 earn
879 1032 1007 1112 gallico,
1028 1035 1127 1098 latino
1154 1059 1157 1069 ·

76 1129 183 1177 autem
203 1116 236 1174 iu
255 1116 305 1175 Jo.
325 1114 470 1176 Schelleri
489 1116 658 1177 editionem
676 1137 816 1177 sermone
835 1119 960 1200 scriptas
978 1121 1126 1204 adjunxit.

75 1203 182 1264 Editio
196 1199 263 1263 brec
276 1199 423 1264 Schefferi
438 1204 594 1285 prodierat
613 1204 745 1287 Upsalioe
764 1225 849 1265 anno
869 1206 943 1268 1663
962 1208 1040 1271 in-so
1054 1231 1127 1272 cum

76 1291 175 1439 ivpuslius
188 1292 446 1393 annotationibus
459 1307 490 1353 et
502 1295 609 1353 Franc.
624 1294 737 1376 Guyeti
751 1295 848 1371 uotis,
861 1316 1024 1378 nunquam
1035 1313 1127 1361 antea

133 1392 221 1460 gaus.

116 1465 305 1542 Schefferns,
320 1470 368 1529 vir
379 1490 478 1550 neque
488 1469 664 1546 illiteratus,
677 1491 777 1552 neque
789 1473 937 1535 mediocri
951 1477 1126 1538 Latinitatis
1234 1494 1237 1499 ·

75 1555 204 1616 scientia
216 1556 378 1639 praeditus,
392 1560 499 1619 animo
511 1561 582 1619 satis
596 1549 686 1640 arduo
700 1562 848 1643 accepisse
860 1563 952 1623 Fabri
963 1562 1126 1646 reprehen-

76 1643 199 1705 sionem
211 1643 348 1705 videtur:
367 1644 459 1727 hujus
472 1649 556 1709 enim
574 1662 605 1708 et
623 1647 797 1709 doctrinam
812 1650 931 1711 extollit
946 1653 980 1712 in
991 1652 1127 1715 editione

77 1751 136 1790 sua
148 1730 255 1801 altera,
268 1745 299 1792 et
306 1733 540 1794 observationes
552 1735 648 1818 ipsas,
662 1755 739 1815 quas
757 1736 899 1795 exscribit
909 1736 1054 1814 fideliter,
1069 1742 1126 1801 mi·

76 1817 164 1880 rifice
175 1818 296 1894 laudat,
309 1822 489 1900 cunctisque
500 1822 594 1902 longe
606 1825 769 1904 anteponit
782 1845 852 1903 quar
870 1824 931 1885 huc
944 1847 1041 1906 utque
1057 1849 1130 1911 pro·

76 1905 216 1966 diet-ant:
240 1925 291 1966 eas
306 1920 411 1967 tamen
429 1928 544 1988 magna
562 1929 634 1967 cum
652 1907 792 1969 libertate
806 1912 1000 1972 excutiendas
1017 1935 1035 1972 a
1052 1935 1084 1974 se
1097 1927 1128 1976 et

76 1991 266 2074 arguendas,
285 1992 340 2053 ubi
353 2014 488 2054 censurae
501 1994 605 2055 locum
620 1993 774 2069 dederint,
792 1996 998 2076 praenuutiat:
1019 2020 1127 2062 verum

77 2081 111 2143 id
122 2079 223 2144 bomo
237 2083 320 2142 mitis
331 2083 411 2166 stylo
427 2083 609 2166 plerumque
620 2082 723 2164 potius
742 2083 875 2160 imbelli,
894 2107 989 2167 quarn
1007 2084 1127 2164 hostili,

77 2171 119 2232 ad
132 2185 305 2233 moenium
321 2175 472 2256 praestitit
492 2174 536 2233 Ex
552 2172 735 2255 conjecturis
754 2189 857 2234 autem
871 2195 947 2255 quas
966 2177 1005 2238 ad
1024 2198 1128 2240 emen·

79 2260 223 2322 dandum
233 2259 399 2322 Phaedrum
409 2261 522 2322 multas
531 2262 695 2344 proponit,
704 2260 807 2322 felices
818 2282 930 2344 paucas
942 2264 1128 2328 invenimus.

77 2351 179 2431 Atque
187 2351 281 2410 etiam
295 2372 393 2432 quum
405 2352 598 2433 interipsum
613 2364 644 2411 et
652 2351 717 2411 Nic.
730 2351 891 2410 Heinsium
904 2353 1018 2414 crebrae
1032 2354 1129 2416 literae

78 2436 119 2497 de
132 2437 256 2498 Pbredri
271 2437 392 2498 labellis
407 2438 489 2499 ultro
504 2439 642 2519 citroque
656 2438 756 2497 missae
769 2436 912 2514 fuissent,
924 2437 998 2501 binc
1010 2445 1131 2524 putavit

79 2525 143 2586 Pet.
156 2528 354 2587 Burmannus
366 2527 464 2587 multa
475 2547 547 2586 eum
560 2548 616 2609 pro
630 2527 691 2587 suis
705 2527 890 2600 venditasse,
903 2548 971 2608 quoe
986 2531 1130 2591 Heinsius

78 2615 256 2696 reperisset:
276 2629 307 2675 at
318 2614 371 2674 illc
385 2636 450 2675 non
465 2615 560 2675 modo
576 2614 608 2673 in
623 2613 825 2688 Praefatione,
843 2614 893 2675 sed
910 2617 1022 2696 passim
1036 2618 1131 2679 etiam

80 2703 114 2761 iu
126 2704 225 2777 notis,
235 2703 405 2786 plurimum
418 2726 449 2764 se
458 2720 488 2766 et
498 2705 564 2764 Nic.
575 2704 694 2765 Heinsii
707 2719 736 2763 et
745 2704 794 2763 Jo.
805 2703 888 2765 Frid.
899 2705 1052 2765 Gronorii
1061 2706 1130 2767 sub-

80 2787 164 2849 sidio
177 2811 266 2851 usum
277 2812 354 2866 esse,
368 2793 450 2853 ultro
464 2806 494 2852 et
507 2791 637 2853 candide
649 2790 811 2872 significat.

124 2876 252 2938 loannis
273 2881 431 2939 Laurentii
456 2877 666 2960 jurisconsulti
687 2878 791 2951 labor,
815 2880 866 2938 cui
886 2877 1033 2938 Phaedrus
1059 2900 1131 2939 cum

80 2965 169 3024 notis
188 2969 358 3043 rariorum,
380 2968 600 3030 Amstelodami
626 2968 715 3048 1667,
737 2969 818 3028 iia-8⁰
840 2988 966 3027 excusus
987 2966 1130 3041 debetur,

79 3075 185 3136 neque
201 3056 361 3138 imperitos
379 3058 512 3117 multum
534 3056 675 3139 adjuvat,
695 3076 794 3136 neque
812 3055 939 3116 eruditis
958 3055 1084 3136 placuit.
1103 3056 1132 3116 ls

79 3143 168 3202 enim
179 3141 218 3202 ad
231 3143 333 3204 nullas
348 3165 445 3227 prope
459 3144 623 3204 doctorum
637 3142 819 3215 homiuum,
831 3142 884 3222 qui
900 3141 982 3199 viam
994 3142 1133 3201 munive-

80 3242 167 3301 rant,
182 3229 412 3291 observationes
424 3231 568 3305 attendit,
580 3244 615 3290 ut
629 3228 808 3289 fabularum
820 3241 978 3288 contextus
989 3228 1133 3289 emendo·

80 3319 145 3378 tior
160 3318 317 3400 prodiret3
338 3332 487 3400 notasque
506 3335 665 3402 praeterea,
683 3315 831 3400 quaejam
843 3317 977 3398 vulgatae
995 3317 1131 3394 fuerant,

80 3423 113 3469 et
125 3431 202 3492 quas
215 3411 348 3491 integras
362 3412 494 3472 nuntiae
504 3432 567 3472 esse
585 3409 788 3484 recudendas,
803 3423 857 3469 aut
870 3408 950 3469 male
964 3410 1133 3472 diminutas

82 3497 268 3580 plerumque
278 3498 416 3574 exhibet,
427 3513 481 3558 aut
495 3499 634 3581 imperite
646 3498 805 3580 dispescit:
825 3518 894 3558 suas
907 3498 1031 3579 quidem
1047 3498 1133 3559 addi·

82 3584 130 3644 dit
140 3606 177 3645 ex
188 3586 271 3646 Juris
285 3587 449 3669 prudentia
463 3587 590 3669 petitas,
610 3600 641 3646 at
656 3586 693 3645 iis
706 3583 770 3644 lere
786 3604 905 3666 semper
918 3585 984 3645 sine
995 3584 1062 3646 ullo
1075 3604 1131 3647 suo

119 3815 159 3886 (1)
170 3817 236 3870 Cum
246 3820 295 3871 isto
305 3821 495 3894 Porturegiensi
507 3823 587 3875 luter-
628 3841 698 3874 anno
712 3821 777 3893 1728
791 3843 797 3871 :
809 3818 855 3873 sed
864 3818 897 3872 de
906 3817 960 3884 bis,
971 3817 1079 3889 aliisque
1088 3838 1132 3873 va-

81 3909 158 3969 prete
169 3899 281 3951 emulari
295 3914 368 3967 sunt,
383 3901 512 3954 Robertus
524 3902 588 3954 Poe·
628 3902 679 3952 rias
690 3903 717 3951 in
728 3900 829 3970 linguas
839 3896 1014 3960 versionibus,
1025 3909 1088 3948 utet
1098 3897 1132 3950 de

82 3989 138 4030 0⁰5⁸
148 3995 220 4028 anuo
233 3995 297 4048 17ot
310 3979 361 4051 (a),
372 3993 397 4033 et
406 3983 501 4032 Joann.
512 3980 590 4033 Clau·
629 3977 785 4050 quibusdam
793 3975 950 4028 editionibus
958 3973 1056 4040 latinis,
1068 3992 1132 4046 quus

80 4056 144 4108 dius
156 4055 248 4120 Fabre,
259 4058 372 4110 Oratorii
380 4060 443 4111 lesu
452 4059 588 4125 Sacerdos,
628 4057 669 4109 rel
680 4077 734 4108 non
744 4054 869 4126 expendi,
880 4052 923 4106 rel
931 4051 1077 4123 expendere
1086 4071 1133 4105 nea

627 4136 708 4207 gleni,
723 4134 866 4206 quidquam
879 4131 1016 4195 disserere,
1031 4143 1060 4182 ut
1072 4130 1132 4184 bre·

113 4228 143 4285 s.)
155 4231 181 4272 v.
191 4228 256 4274 usur.
265 4228 318 4272 liter.
326 4228 474 4286 darhetem.
483 4245 516 4284 7⁰·
525 4231 564 4289 (a,r
628 4216 699 4267 vitati
713 4212 863 4276 consulatu,
875 4208 1058 4280 supersedebo·
