2820 5018
383 469 474 533 LlB.
499 470 530 546 1,
556 470 649 533 Fan.
674 468 748 534 lll.

159 607 279 697 [uidam
292 630 331 671 ex
343 608 421 685 illis,
435 631 518 697 quos
530 608 620 696 prius
633 608 845 697 despexerat:

159 730 229 776 ntus
242 713 361 777 nostris
374 714 400 775 si
413 714 529 778 fuisses
541 713 690 791 sedibus,

162 821 204 886 od
219 838 332 884 natura
346 820 497 899 dederat,
510 822 668 887 voluisses
680 823 762 911 pati,

161 1016 257 1079 repulso
269 1023 353 1065 tristem
362 1035 381 1064 s.
394 1035 418 1063 u.
432 1021 447 1064 i.
463 1034 484 1063 e.
497 1019 642 1079 ignominiam
654 1018 764 1080 reptilem
779 1018 843 1082 qnod
857 1032 996 1082 receperunt
1007 1022 1089 1083 Boop-

159 1098 176 1131 ιι
187 1087 319 1134 lallcntant.
335 1089 449 1150 probante
463 1088 575 1135 schulzio.
591 1088 777 1150 Cuningltamut:
793 1088 889 1155 νφυὶιω
901 1095 969 1137 trisu'e
978 1109 997 1138 s.
1009 1109 1031 1137 n.
1044 1091 1089 1137 Sed

159 1158 319 1207 accedendum.
334 1163 391 1206 Nam
402 1160 475 1208 Godd.
489 1162 552 1208 MSS.
566 1162 630 1207 Bem.
644 1174 667 1208 et
681 1161 739 1208 etit.
751 1163 812 1211 vett.
824 1164 892 1210 Bditt.
905 1178 949 1210 ner
962 1180 1010 1209 non
1023 1166 1089 1210 Ano·

159 1229 226 1275 'ilant
238 1230 324 1278 liabent
336 1231 452 1294 repulsus,
469 1245 538 1295 atque
551 1235 620 1280 etiam
631 1242 684 1279 notu
695 1232 799 1280 abtolnte
811 1230 887 1295 p'otert
898 1236 966 1295 poni,
985 1234 1049 1297 qnod
1063 1250 1104 1280 rx.

159 1324 168 1345 ι.
182 1302 204 1356 1,
219 1314 294 1353 xvut,
309 1300 331 1347 B.
344 1302 411 1349 Orid.
428 1305 457 1348 ll.
468 1306 537 1349 Trite.
550 1304 609 1362 466,
623 1303 717 1366 aliisque
731 1304 787 1350 locis
799 1305 883 1365 proliat
896 1306 1046 1351 Burmannut.
1059 1330 1092 1340 -

159 1384 196 1414 ιιι.
209 1371 304 1416 lleinaio
315 1371 420 1429 effultus,
429 1372 466 1419 vel
475 1372 577 1426 flatilium
586 1372 698 1420 llereleto
707 1373 804 1419 vestibus
814 1373 897 1436 placet.
908 1374 1019 1421 Romulae
1030 1374 1092 1420 euim

159 1439 196 1485 las
209 1451 292 1495 uestes,
304 1459 362 1505 quior
376 1453 457 1489 mucro
471 1446 543 1498 dedit,
558 1460 671 1496 amormt
685 1447 753 1491 et'unt
768 1446 877 1492 Bomului
889 1449 981 1493 Divion.
996 1458 1021 1493 et
1031 1447 1091 1492 Vin·

159 1519 361 1558 testuosomossee.
374 1515 419 1558 Sed
430 1514 461 1559 nil
470 1515 613 1560 mutandum.
627 1515 701 1562 Codd.
714 1518 774 1561 enim
783 1518 846 1563 MSS.
857 1519 921 1563 ilem.
934 1530 957 1564 et
968 1517 1027 1563 Pieli.
1037 1520 1093 1564 item

158 1580 179 1628 il.
193 1581 279 1629 liabent
291 1584 392 1639 sedilum,
405 1599 457 1646 qun
471 1584 539 1632 lectio
553 1599 588 1633 eet
601 1602 656 1632 iana
670 1599 694 1632 et
707 1586 808 1649 elegant.
823 1590 910 1635 Natura
924 1594 985 1635 enim
999 1591 1091 1635 unicni-

159 1653 234 1700 talium
246 1657 325 1716 generi
333 1656 412 1711 redet,
425 1656 535 1702 trationet
545 1669 568 1702 et
578 1657 722 1719 receptacula
732 1657 802 1704 dedit.
814 1659 902 1704 laudat
912 1661 988 1706 Barm.
1000 1662 1057 1706 llor.
1067 1661 1092 1715 1,

158 1740 182 1785 9,
202 1740 240 1782 ιο,
256 1735 309 1771 noter
319 1742 372 1791 puoe
383 1728 535 1791 sedetsuerot
544 1728 660 1775 columbis.
673 1732 753 1776 Sento.
766 1730 835 1775 llere.
848 1731 900 1775 OEt.
918 1730 989 1785 1632,
1004 1730 1093 1776 redibas

159 1800 177 1842 it
189 1797 297 1845 minores.
310 1803 346 1847 Sic
357 1798 480 1857 Phaedrae,
490 1800 530 1848 lib.
543 1804 583 1857 lV,
595 1801 642 1846 tab.
657 1803 729 1847 xttttt
736 1837 743 1857 ‚
756 1817 796 1855 no,
807 1801 910 1848 tomice
919 1800 1093 1863 receptaculum

159 1870 238 1913 uotam
249 1870 339 1915 άοηιιιιη
344 1905 353 1926 ,
364 1883 387 1916 et
398 1870 437 1916 lib.
450 1872 483 1927 ll,
496 1870 543 1917 lab.
554 1872 598 1926 Vl,
612 1873 638 1927 5,
650 1871 771 1918 tettndinia
781 1886 887 1917 comeum
897 1872 995 1915 domum.
1009 1872 1042 1915 lut
1053 1866 1092 1915 tii.

158 1939 221 1992 lxx,
234 1955 261 2001 7,
273 1943 347 1986 ιιιιιὲο.
362 1940 429 1988 Plura
440 1941 469 1986 de
481 1939 525 1987 hae
536 1957 561 1988 re
576 1941 663 1989 dabunt
676 1945 740 1988 Νοιε
755 1943 887 1987 Burmanni.
900 1940 937 1986 Cf.
949 1944 1019 1987 eiuro
1030 1937 1092 1983 Gnd.

158 2006 259 2054 oluissas.
275 2011 382 2057 lleinaine
394 2016 517 2074 potitum,
531 2010 595 2076 quod
608 2028 655 2059 non
668 2013 752 2075 probat
765 2014 890 2059 Burmann.
904 2009 1018 2072 Superbia·
1033 2008 1094 2053 enim

158 2081 182 2125 iae
195 2079 234 2127 dat
247 2097 327 2143 prenae
339 2084 452 2145 graculus.
466 2084 541 2131 llabet
552 2086 620 2131 etiam
631 2088 766 2149 Anonymru
777 2083 861 2130 urunt
873 2081 980 2130 minium
989 2082 1046 2143 pali·

158 2243 227 2293 uitur
244 2243 366 2297 Phaedrus
384 2245 436 2298 hoc
457 2245 553 2309 rerbo;
633 2263 673 2299 ta.
696 2247 810 2299 Omittio
828 2242 900 2295 verbi
918 2240 1005 2314 iuquit
1022 2237 1093 2311 apud

158 2322 429 2376 ttiottutinereuotum
439 2323 553 2378 insolen-
594 2324 728 2379 Phaedrum
744 2326 930 2395 frequentent.
947 2319 1005 2372 Vid.
1026 2338 1048 2373 e.
1068 2337 1092 2369 c.

158 2395 221 2450 letne
235 2403 399 2469 Bormanon,
419 2406 464 2475 qui
478 2416 553 2476 putat
593 2403 637 2457 lib.
653 2405 697 2471 IV,
711 2403 764 2455 tab.
777 2404 816 2469 X,
832 2418 871 2454 tn.
884 2402 917 2451 Et
928 2400 965 2451 iic
975 2416 1094 2470 rape.-

158 2479 185 2544 n',
199 2493 227 2531 ut
236 2484 359 2534 sustinere
373 2502 491 2550 cauum,
504 2483 552 2535 ori-
593 2480 764 2554 [despexerat.
779 2480 838 2532 Vitl.
853 2478 898 2531 lib.
913 2480 951 2545 11,
967 2475 1048 2529 fabul.
1061 2480 1094 2544 V,

158 2557 211 2609 uod
224 2560 306 2613 croci
320 2560 398 2615 nicini
411 2559 505 2626 ν’πίχιιι
518 2561 554 2613 di·
597 2564 768 2634 ro‚despieit,
777 2581 855 2615 seusu
863 2558 1041 2632 geographico
1051 2557 1095 2611 ad·

158 2637 246 2706 tquod
257 2640 333 2712 l‘rop.
344 2638 388 2691 lib.
401 2642 425 2705 l,
436 2657 516 2705 arur,
526 2642 552 2704 B,
592 2642 712 2694 hibitum.
732 2641 781 2715 G.]
798 2671 833 2681 -
854 2639 893 2692 13.
912 2638 1017 2690 tediltus.
1035 2636 1093 2688 Vid.

158 2713 244 2767 ludere
254 2715 330 2779 dirit;
340 2716 463 2770 Plaedrus
472 2721 553 2789 magia
594 2722 654 2772 Var.
663 2722 733 2772 Lect.
742 2721 838 2772 Totum
848 2718 919 2771 ltunc
929 2736 1032 2769 vertum
1042 2735 1095 2769 ver·

158 2813 229 2847 ntem
240 2796 390 2849 Graecorum
402 2817 501 2851 morem
512 2818 554 2851 eu·
594 2798 630 2851 bo
646 2813 721 2851 tenua
739 2800 863 2870 expressit
879 2800 1033 2867 Anonymua
1049 2797 1095 2847 Ni·

164 2875 232 2945 lqge
242 2877 304 2927 Not.
316 2879 368 2929 Bur
378 2900 402 2931 n.
410 2910 445 2919 -
455 2892 553 2932 notum.
595 2879 677 2929 lantii.

158 2968 180 3007 te
205 2956 320 3028 intelligo
341 2959 508 3031 turpitudinis
529 2972 555 3010 et
634 2958 673 3022 td.
684 2956 803 3009 volutum
811 2957 881 3027 poti,
892 2958 909 3007 i.
921 2974 944 3005 e.
955 2965 1095 3004 contentus

158 3055 172 3085 ι.
191 3038 348 3109 Eripuorant
366 3042 434 3092 eninr
453 3058 554 3111 pennas
597 3037 697 3087 fuisses.
711 3036 825 3087 Verbum
832 3037 891 3105 poti
901 3033 1018 3085 interiori
1029 3032 1097 3083 Lati-

157 3133 198 3166 ntn
216 3117 384 3186 fitgauerant3
405 3115 499 3169 deinde
516 3135 554 3169 re·
595 3117 669 3167 nitati
677 3112 745 3165 idem
753 3111 934 3183 tona1e‚quod
943 3123 1097 3162 contentum

158 3197 253 3261 annia,
270 3195 304 3247 ad
320 3214 386 3267 quos
403 3194 487 3247 redire
503 3213 554 3247 coe-
595 3214 664 3258 ease,
689 3192 825 3246 contendit
848 3191 935 3243 Barth.
962 3188 1027 3240 Adi.
1050 3187 1094 3239 tib.

157 3273 555 3329 lteramauatinetnotam'l'rac·
594 3274 699 3337 XLVII,
718 3292 741 3323 o.
760 3289 784 3322 1.
804 3270 924 3323 Laudant
942 3271 1097 3339 interpretes

157 3352 233 3407 detur
251 3374 265 3406 a
284 3357 417 3425 stigmasi,
440 3372 486 3407 teu
505 3374 554 3406 no·
595 3354 677 3407 Plaut.
702 3353 774 3403 min.
794 3353 831 3416 11,
848 3367 881 3415 u,
900 3348 954 3401 58:
975 3350 1097 3401 afortiter

157 3431 213 3484 ilius
228 3434 327 3485 frontet
346 3434 554 3486 facinorosorum
595 3434 691 3487 malum
702 3436 747 3506 qui
756 3435 868 3505 patitur,
881 3429 948 3483 idem
959 3443 1019 3501 poet
1029 3433 1096 3501 pati·

157 3512 306 3584 agebantur.
324 3515 377 3566 Cic.
397 3534 447 3587 pro
466 3512 553 3565 llabir.
595 3530 637 3568 tur
648 3517 780 3568 honuni·
795 3516 852 3566 lluc
863 3516 941 3566 etiarn
951 3514 1039 3566 referri
1048 3532 1096 3584 po·

162 3610 192 3661 92
212 3618 222 3638 ¹
234 3592 402 3664 turpitudinis
417 3595 485 3645 notit
500 3610 555 3642 ⁰¹¹¹·
595 3611 643 3651 teat
656 3597 730 3650 locut
745 3597 798 3648 Cic.
815 3593 848 3648 ad
862 3594 950 3646 Plane.
965 3612 993 3657 a,
1005 3596 1031 3645 in
1046 3596 1094 3665 Bp.

157 3674 252 3743 uiguit
267 3672 379 3725 homo-¹·
399 3674 440 3725 Sic
455 3675 556 3725 tnurm
596 3678 628 3730 ad
642 3680 694 3731 Διι.
712 3678 786 3741 XVI,
802 3689 862 3748 port
881 3676 926 3728 16:
945 3673 992 3726 aid
1004 3688 1033 3725 tn
1047 3694 1096 3727 noe

159 3753 334 3824 turpitudinis.
347 3756 400 3807 Cic.
416 3755 472 3807 Cat.
487 3755 511 3819 l,
527 3755 553 3807 6.
595 3759 738 3811 obtinuisse
763 3758 839 3810 facile
859 3760 992 3831 patiare.»
1015 3757 1096 3809 Recte

157 3851 182 3884 rc
194 3831 320 3905 loquendi
332 3836 441 3887 formam
454 3834 555 3887 ducunt
595 3837 761 3890 Schellerua:
788 3838 867 3908 apati
889 3833 1030 3889 admodum
1054 3852 1096 3885 ac·

165 3914 297 3967 Cenaoda.
318 3916 394 3968 llunc
413 3936 437 3968 r.
456 3929 555 3971 uertere
595 3917 790 3973 commodatum
815 3918 877 3969 huic
903 3916 962 3967 loco
989 3928 1097 3986 propter

172 3994 229 4047 liier
238 3996 324 4048 wurdt
337 3999 374 4050 tie
384 3999 554 4070 aliquinum,
595 4000 817 4070 comparationem
827 4015 977 4059 munerum,
986 4013 1043 4065 qua·
1051 4013 1096 4046 na·

157 4086 216 4125 uste
227 4075 280 4127 ticli
298 4076 464 4148 mauclerley
479 4077 554 4128 lrr'itt·
596 4093 653 4131 tura
669 4078 765 4131 habent
778 4078 822 4129 alii
834 4080 946 4147 majora,
960 4074 1003 4126 olii
1016 4077 1097 4125 utino·

167 4152 403 4232 Beechimpsunpen
436 4156 554 4229 qefalleu
594 4177 631 4211 ra.
646 4159 715 4210 Nam
731 4159 780 4209 into
797 4168 917 4226 respectu
935 4156 979 4223 qui
994 4154 1095 4203 minora

595 4247 752 4307 acceperunt
762 4235 861 4304 optime
873 4232 996 4284 dicuutur
1005 4248 1036 4281 oa
1048 4246 1095 4299 pa·
