2820 5018
194 441 252 524 164
317 440 387 506 en.
409 439 500 506 sos.
524 439 821 508 nasnmnous
843 442 1101 509 PRAEFATtO.

188 707 282 729 ΜΜ
287 705 787 728 ΩΜΜΜΜΜΜΜΏἋΜΜ
791 707 1221 731 ΜΜΜΜΜἈὶΏὯ

232 922 737 1047 DISPUTATIO
781 922 1184 1048 SECUNDA.

370 1234 449 1321 DE
478 1231 740 1322 FABULIS
767 1235 1038 1347 PHAEDRi.

220 1711 407 1771 anmscus
418 1703 555 1767 Pithoeus
571 1727 668 1788 quum
683 1707 840 1788 reperisset
851 1704 972 1769 Phoedri
983 1709 1222 1772 Fabularumli·

180 1800 253 1858 bros
264 1798 416 1878 quinque,
430 1815 526 1855 manu
540 1796 668 1875 antiqua
683 1794 825 1876 scriptos,
844 1796 927 1855 misit
945 1795 1034 1856 fratri
1050 1818 1125 1875 suo,
1138 1801 1219 1860 Petro

177 1887 317 1962 Pitboeo,
338 1886 393 1968 qui
408 1886 525 1967 primus
541 1904 593 1943 eos
606 1903 691 1943 anno
709 1883 782 1962 1596
800 1884 833 1941 in
852 1884 951 1944 lucem
963 1885 1072 1946 edidit.
1087 1887 1174 1970 Opus
1185 1887 1218 1947 ab

177 1976 291 2059 injusta
304 1988 351 2037 tot
364 1973 538 2034 seculorum
551 1971 709 2033 oblivione
719 1972 910 2033 vindicatum
925 1973 1037 2054 plausu
1049 1996 1167 2057 magno
1177 1996 1219 2036 ex·

176 2078 299 2146 ceptum
317 2076 379 2134 est;
399 2074 429 2120 et
447 2080 539 2119 nemo
558 2072 632 2117 tunc
651 2057 820 2132 dubitavit,
840 2059 916 2139 quin
935 2057 1019 2118 iilius
1032 2076 1125 2129 esset.
1142 2059 1219 2142 cnjus

177 2174 293 2214 nomen
308 2153 340 2211 in
355 2149 457 2210 fronte
470 2147 662 2231 praeferebat.
676 2148 763 2206 Circa
779 2146 860 2207 idem
874 2161 995 2230 tempus
1015 2149 1100 2210 inter
1117 2164 1220 2212 retest

178 2241 298 2323 aliquot
317 2240 398 2299 Petri
416 2238 551 2298 Danielis
570 2236 715 2310 Codices,
733 2236 787 2317 qui
809 2235 906 2296 Paulo
928 2236 1072 2313 Petavio,
1091 2239 1221 2301 Senaton

80 2384 82 2388 .
177 2330 355 2403 parisiensi,
378 2341 543 2400 cesserant,
564 2323 704 2393 chartula
718 2324 835 2385 detecta
854 2340 915 2400 est,
935 2345 1006 2407 quoe
1026 2328 1117 2389 Libri
1136 2326 1220 2413 primi

175 2418 297 2478 tertiam
318 2415 382 2475 fere
402 2426 521 2497 partem
542 2411 730 2471 continebat.
752 2412 841 2471 Hanc
861 2431 957 2494 porro
977 2410 1155 2477 dunum
1174 2414 1221 2477 tiii

176 2506 391 2575 Petarianam,
408 2501 461 2560 alii
476 2499 605 2560 Schedas
621 2499 742 2580 Regias,
763 2497 816 2559 aiii
835 2502 927 2560 etiam
943 2500 1094 2563 Codioem
1108 2504 1220 2566 Vossia-

177 2614 256 2654 num
276 2589 451 2673 appellant:
474 2589 556 2649 unde
576 2589 714 2671 plerique
732 2588 837 2649 Critici
856 2591 1038 2651 recentiores
1051 2593 1098 2652 ita
1111 2608 1220 2676 pemat-

178 2679 243 2738 bati
258 2691 344 2750 sunt,
359 2691 393 2736 ut
407 2675 629 2750 dubitaverint,
645 2696 750 2735 annon
768 2673 894 2756 hujusce
912 2674 997 2736 modi
1016 2677 1124 2759 piures
1140 2680 1221 2741 exsti·

177 2767 293 2827 tissent.
318 2764 375 2825 Sed
398 2765 523 2824 unicam
544 2764 630 2823 iliam
654 2764 735 2822 Petri
756 2763 892 2823 Danielis
915 2762 1009 2824 fuisse
1031 2767 1220 2841 rescivimus,

178 2875 273 2936 quam
297 2874 395 2934 quum
416 2853 455 2913 ab
476 2855 534 2913 isto
554 2852 668 2912 Paulus
688 2850 828 2921 Petavius
846 2851 1017 2930 habuisset,
1035 2850 1100 2916 hoc
1118 2855 1221 2917 deinde

176 2959 302 3005 mortuo
311 2943 385 3002 emit
398 2964 471 3003 cum
483 2942 551 3003 aliis
561 2939 698 3022 ejusdem
708 2941 807 3001 Libris
817 2942 932 3021 Regina
942 2943 1128 3019 Suecorum,
1138 2960 1221 3027 etque

175 3032 324 3093 utendam
345 3030 614 3091 Gerardodoanni
634 3029 743 3088 Vossio
763 3030 917 3110 permisit:
939 3050 976 3089 ea
996 3030 1141 3108 demum,
1158 3044 1220 3117 post

178 3134 309 3179 mortem
325 3120 449 3198 Reginae
468 3117 569 3177 delata
587 3130 631 3175 est
650 3115 689 3175 ad
710 3115 934 3176 Bibliothecam
952 3116 1154 3193 vaticanam,
1171 3118 1219 3180 ubi

177 3201 332 3286 bodieque
352 3222 499 3266 servatur.
519 3203 648 3264 Accessit
666 3224 805 3284 quoque,
825 3225 880 3264 nec
899 3206 942 3263 ita
960 3205 1062 3266 multo
1081 3224 1153 3290 post
1164 3207 1220 3291 pii·

178 3311 263 3353 mam
281 3291 464 3369 editionem,
484 3291 607 3351 alterius
628 3292 737 3350 vetusti
759 3290 894 3367 Codicis,
918 3294 1077 3355 Remensis
1101 3296 1219 3367 scilicet,

176 3376 342 3439 Pitboeano
361 3379 487 3459 quidem
502 3399 557 3460 per
572 3379 679 3438 omnia
692 3399 789 3459 prope
806 3378 978 3460 similis(1),
998 3379 1106 3463 aliqua
1123 3397 1219 3443 tamen

176 3464 351 3526 diversitate
362 3464 601 3525 commendandi
614 3465 787 3524 auctoritas.

216 3554 272 3615 ilis
291 3567 394 3612 autem
408 3556 579 3635 priscarum
591 3566 718 3614 aetatum
732 3555 932 3632 testimoniis,
952 3559 1109 3639 variisque
1121 3560 1217 3621 doctu·

175 3712 281 3778 mitien,
295 3709 331 3763 tel
339 3730 390 3784 quc
400 3713 524 3779 Martini,
537 3715 631 3787 qniait
640 3733 680 3785 pn
719 3717 793 3786 pules
808 3716 871 3768 dans
885 3715 909 3767 ie
923 3718 1069 3771 manuscrit
1083 3716 1215 3781 tantm,

174 3791 283 3868 appeler
290 3791 390 3844 phedro
398 3791 636 3864 improbus.(Note
645 3795 679 3848 de
719 3798 754 3846 oti
773 3794 799 3845 ia
816 3796 943 3866 promidrc
958 3798 1044 3868 partic
1061 3796 1138 3849 d'nne
1149 3792 1216 3867 fabis

175 3872 212 3927 H,
225 3869 323 3944 Adry.)
717 3872 781 3924 eun
790 3873 883 3939 ntivie,
898 3893 956 3927 sans
966 3894 1056 3927 aucun
1071 3877 1144 3941 vide,
1154 3872 1215 3927 deit

210 3951 249 4024 (ι)
269 3951 305 4003 be
320 3950 463 4003 manuscrit
477 3949 509 4002 de
523 3952 563 4002 M.
582 3954 678 4007 Pithon
717 3954 824 4006 seconde
845 3957 937 4008 moine
954 3954 1032 4007 d'nne
1050 3967 1125 4009 entre
1135 3954 1212 4029 [δὶα.

169 4032 238 4086 etan
250 4028 313 4103 pius
325 4031 434 4095 ancien,
448 4030 570 4103 puisun’ii
575 4053 598 4104 y
608 4035 680 4087 avait
716 4033 885 4103 prdcise'ment
895 4054 948 4086 aux
958 4037 1073 4089 endroits
1083 4041 1118 4090 oti
1132 4036 1156 4088 le
1165 4052 1211 4087 nu·

194 4110 386 4184 inciennpapes
393 4109 529 4182 ddcbirdes,
540 4114 679 4185 tunditque
720 4112 817 4164 nuterit
832 4114 862 4164 de
878 4115 917 4164 M.
934 4113 1034 4165 Pithon
1047 4115 1111 4168 etate
1125 4117 1210 4169 inme

172 4131 211 4243 ies
220 4188 324 4244 lacones
333 4187 512 4260 n’ltaientpas
520 4191 602 4243 meme
611 4190 679 4242 indi·
717 4190 781 4263 piet.
795 4191 881 4262 (Note
893 4192 926 4248 de
938 4196 975 4247 M.
987 4193 1091 4268 Amy.)
