2820 5018
391 416 779 482 temnimus
1046 426 1110 514 tp

59 580 202 642 possum,
214 557 299 641 quod
312 559 462 639 quereris,
476 556 556 638 lupe.
570 558 719 617 Praeterea
732 557 847 636 (illm)
859 557 925 620 fieri
939 565 1062 644 nequit,
1074 581 1110 627 ut

59 670 175 730 aquam
182 650 371 730 superiorem
379 647 589 707 turbulentam
599 646 726 720 faciam,
736 667 834 727 quum
844 661 919 707 stem
930 652 1070 730 inferior,
1080 670 1111 719 et

59 755 79 796 e
97 749 128 796 te
147 736 289 796 decurrat
306 735 345 795 ad
369 754 451 794 meos
472 732 599 793 haustus
620 733 731 814 liquor.
754 734 842 793 Hisce
860 739 982 817 positis,
1004 744 1113 825 utique

59 845 158 905 agnus
171 823 241 905 jure
256 825 444 905 interrogare
459 837 576 904 poterat
593 823 721 904 lupum:
737 825 789 902 qul
807 844 930 905 possum
945 847 1047 908 quaeso
1063 830 1112 891 fa·

59 933 143 988 cere,
159 914 245 995 quod
261 913 414 995 quereris?
427 913 503 990 Quae
519 912 647 987 docent,
667 932 731 971 non
747 912 883 995 ineptam
899 935 962 975 esse
978 921 1049 998 agni
1066 943 1111 981 re-

60 1005 271 1085 sponsionem,
283 1003 402 1065 etiamsi
413 1007 444 1062 τὸ
456 1005 541 1062 istam
552 1004 692 1083 capiatur
703 1002 840 1070 δεικτικῶς.
851 1003 917 1064 Alia
930 1020 1074 1082 sesemet,
1087 1011 1112 1070 si

60 1113 175 1172 agnus,
186 1093 285 1154 media
295 1096 329 1154 in
341 1114 421 1173 aqua
432 1104 530 1168 stans,
541 1091 677 1151 fundum
691 1092 835 1172 tetigisset
845 1093 912 1153 rivi.
926 1094 1002 1171 Quae
1014 1118 1113 1177 quum

60 1182 106 1240 ita
122 1182 201 1257 sint,
221 1182 333 1245 accedo
349 1185 549 1256 Burmanuo‚
565 1179 648 1241 hanc
663 1181 696 1239 in
715 1200 780 1240 rem
796 1182 959 1242 scribenti:
977 1208 992 1239 s
1003 1184 1113 1268 lupus,

60 1288 204 1349 quaerens
219 1285 251 1330 et
263 1269 397 1330 inferens
412 1291 548 1329 caussam
559 1268 670 1351 jurgii,
685 1289 748 1328 non
762 1268 849 1345 dicit,
867 1291 983 1351 agnum
998 1294 1113 1355 aquam

60 1358 268 1438 superiorem,
280 1358 319 1418 ad
334 1377 429 1436 quarn
442 1357 543 1417 nabat
553 1357 661 1437 lupus,
673 1356 692 1415 i.
705 1377 731 1415 e.
744 1354 835 1430 basse,
847 1356 1058 1420 turbulentam
1071 1361 1114 1424 fa·

59 1463 144 1518 cere,
161 1445 212 1504 sed
231 1447 316 1503 istam
335 1443 532 1519 inferiorem,
549 1464 644 1523 quam
661 1443 855 1502 monstrabat
870 1465 962 1524 agno.
980 1447 1010 1505 Si
1029 1451 1113 1513 enim

60 1531 140 1592 banc
155 1533 291 1607 dixisset,
305 1532 455 1593 debuisset
468 1552 582 1611 agnus,
596 1546 680 1591 stans
694 1530 837 1607 inferius,
848 1535 1036 1614 superiorem
1047 1553 1113 1599 tur·

58 1619 137 1680 bare
153 1641 276 1700 aquam.
293 1623 397 1698 Quare
412 1640 511 1700 agnus
523 1618 712 1678 calumniam
726 1615 815 1678 facile
831 1618 957 1696 refellit,
973 1626 1025 1704 qul
1040 1647 1112 1706 pos-

59 1727 147 1779 sum,
172 1707 289 1788 inquit,
314 1709 400 1789 lupe,
422 1721 478 1768 etc.
503 1710 581 1766 llam
604 1705 668 1767 licet
679 1703 749 1789 jam
771 1707 965 1770 turbulentum
977 1712 1113 1792 fecissem

61 1795 241 1876 infimiorem,
266 1819 325 1856 non
347 1810 445 1857 tanton
466 1799 595 1877 superior
614 1795 681 1855 inde
702 1795 816 1855 turbida
837 1812 930 1878 posset
951 1820 1022 1873 esse,
1040 1804 1112 1881 quia

60 1902 80 1941 a
95 1895 123 1940 te
140 1881 276 1944 decurrit
292 1885 332 1945 ad
352 1906 437 1944 meos
452 1883 576 1944 haustus
592 1884 710 1965 liquor,
729 1882 760 1944 id
778 1900 822 1945 est
837 1906 918 1967 aqua
933 1886 1067 1967 liquida,
1080 1904 1115 1950 ut

62 1968 117 2030 lib.
131 1972 160 2045 Ι,
175 1971 236 2030 fab.
252 1975 324 2047 ΧΠ,
339 1971 367 2048 d.
385 1978 490 2055 Lupus
503 1995 577 2054 ergo
590 1978 674 2034 istam
689 1973 832 2049 dicendo,
844 1974 1035 2050 inferiorem,
1048 1998 1114 2059 spa-

63 2060 106 2119 tio
126 2060 276 2137 distante,
297 2062 503 2134 demonstrat,
522 2079 552 2123 et
572 2068 622 2124 iste
640 2065 878 2124 demonstrative
894 2066 973 2125 sumi
988 2081 1116 2148 apparet

61 2167 98 2208 ex
114 2148 167 2209 lib.
186 2151 243 2225 ΙΙΙ,
260 2151 359 2213 fabul.
372 2156 427 2228 Vl,
446 2154 479 2228 5,
494 2168 524 2213 ct
539 2151 700 2229 fab.V111,
721 2155 769 2227 16,
785 2168 816 2214 et
831 2154 898 2214 aliis
914 2155 997 2215 locis.
1011 2181 1025 2209 n
1039 2157 1116 2218 Vide

63 2250 183 2315 nmen,
196 2261 264 2322 quae
282 2265 373 2326 supra
391 2259 536 2304 notamus
550 2243 589 2304 ad
606 2263 648 2303 vs.
662 2244 690 2303 6.
707 2245 850 2304 Ceterum
867 2265 932 2304 non
946 2248 1116 2307 assentien-

63 2324 140 2386 dum
156 2344 201 2389 est
216 2332 377 2407 Grunero,
393 2333 488 2414 quil.
510 2355 535 2392 c.
557 2333 668 2414 lupum
688 2347 788 2392 censet
807 2333 891 2413 loqui
911 2333 949 2393 de
965 2336 1115 2414 superiori

63 2432 162 2495 aqua,
176 2418 214 2477 ad
229 2441 325 2500 quarn
339 2423 453 2481 stetisse
465 2441 537 2480 eum
550 2419 697 2480 Phaedrus
709 2433 829 2494 narrat;
840 2421 895 2480 etsi
907 2423 938 2480 τὸ
949 2423 1032 2480 mam
1047 2423 1117 2481 dess-

63 2511 139 2571 τιιῶς
153 2508 252 2588 capiat
263 2533 269 2568 :
282 2508 374 2590 lingit
389 2512 473 2571 enim
485 2492 616 2591 'propius
630 2511 785 2571 accessisse
800 2510 911 2591 lupum
928 2509 968 2569 ad
983 2530 1115 2591 agnum,

65 2591 245 2657 inferiorern
261 2611 409 2674 stantem,
426 2615 457 2660 et
472 2600 597 2660 dixisse:
615 2622 669 2661 eur
680 2598 875 2660 turbulentam
882 2601 981 2684 fecisti
992 2598 1064 2658 stilti
1078 2602 1116 2658 is·
1204 2623 1207 2626 ⁴

64 2691 125 2739 tam
140 2681 264 2746 liberati?
275 2690 335 2748 Nec
348 2689 467 2771 placere
478 2703 574 2772 potest
583 2690 759 2772 conjectura
771 2687 817 2750 Cl.
831 2688 960 2751 Schulzii
973 2690 992 2748 l.
1006 2710 1032 2749 c.
1046 2712 1075 2770 p.
1087 2689 1116 2748 8.

66 2770 155 2831 Conf.
174 2776 271 2855 Larrqe
286 2778 305 2836 l.
320 2800 346 2838 c.
362 2801 391 2860 p.
406 2800 497 2840 xvsti.

373 2955 710 3044 EXCURSUS
738 2955 809 3042 Ill

362 3139 415 3190 Al)
432 3140 536 3192 LIBRI
554 3142 566 3194 1
584 3141 767 3194 Flauiam
784 3139 821 3192 ΙΙ.

106 3290 157 3350 Vs.
180 3313 203 3352 r.
220 3295 323 3376 AEquis
335 3292 452 3377 leqibus.
468 3298 515 3358 De
528 3301 621 3382 aequis
634 3301 812 3360 Graecorum
827 3296 942 3378 legibus
954 3296 1119 3379 singularis

65 3391 160 3438 exstat
172 3379 306 3456 libellus,
319 3397 445 3444 auctore
459 3385 554 3446 Andr.
570 3387 688 3446 Ludov.
703 3381 958 3467 Koenifgsmannm
973 3387 1029 3446 sub
1043 3389 1120 3450 titu-

66 3467 98 3529 lo
117 3493 126 3529 ι
145 3471 323 3552 Disquisiuo
341 3472 463 3553 critica3
479 3496 570 3555 ceques
586 3476 657 3558 leqcs
678 3477 752 3559 quid
772 3475 853 3558 apud
874 3477 1038 3537 l’ltaedmm
1056 3479 1123 3559 (1)?

67 3558 178 3638 Equus
191 3560 270 3641 leges
284 3562 381 3622 Graeci
398 3561 543 3623 dixerunt
554 3568 686 3647 ἰσονομίαν
697 3566 752 3645 (2),
768 3571 940 3626 ἰσοπολιτείαν
952 3568 1008 3647 (3),
1027 3573 1119 3648 ims-

65 3651 123 3725 pias
137 3644 194 3726 (d);
216 3651 349 3710 Romani
366 3651 417 3733 jus
438 3651 586 3732 aequabile
607 3657 617 3735 (
637 3657 665 3733 ),
686 3675 801 3735 oeqtosm
812 3650 864 3736 jus
881 3655 932 3734 (6).
951 3658 1022 3716 lam
1041 3657 1128 3717 olim.

104 3794 143 3864 (1)
160 3798 250 3851 Exstat
271 3804 301 3854 in
319 3803 464 3877 Hamburp.
490 3824 569 3856 sem.
611 3802 706 3873 ipsissr
726 3802 847 3873 swan,
868 3803 950 3858 essia
967 3804 1006 3860 wls
1028 3805 1117 3874 iti-fin

69 3873 262 3928 tristioravol.
278 3881 314 3943 Π,
330 3884 356 3933 P.
373 3901 409 3948 tv,
421 3903 448 3954 p.
461 3883 522 3952 598.
611 3890 700 3956 epiros
723 3888 838 3956 issysp'es
859 3885 1066 3952 ammonitum
1085 3910 1114 3958 η

105 3952 145 4024 (a)
157 3955 282 4010 Herodot.
296 3957 339 4012 lib.
353 3963 401 4025 111,
414 3980 472 4033 cap.
487 3965 529 4017 so.
611 3963 689 4019 nisis.

106 4034 145 4103 (3)
156 4035 231 4103 Diog.
243 4035 328 4089 Laert.
342 4041 423 4110 Epist.
437 4040 527 4094 Solon.
540 4041 574 4093 ad
649 4046 688 4117 (5)
702 4047 754 4097 Cic.
770 4044 802 4097 de
815 4047 868 4095 lns.
881 4042 926 4095 lib.
941 4045 966 4108 Ι,
984 4063 1007 4095 c.
1022 4060 1053 4110 a,
1070 4041 1113 4096 53.

71 4114 168 4164 raas..
179 4132 205 4184 p.
216 4112 344 4178 scau.
356 4121 479 4172 nassa.
649 4123 689 4193 (s)
707 4125 796 4175 senes
818 4124 865 4192 up·
890 4139 940 4190 9⁰2
957 4121 1053 4185 Solu>
1070 4126 1116 4194 ον’·

108 4192 148 4262 (4)
162 4193 366 4266 Demosthenes,
383 4202 428 4255 or.
448 4201 515 4253 Fun.
534 4200 577 4253 uls
616 4200 731 4254 Athenas
742 4218 815 4270 equo
826 4201 886 4269 jure
890 4199 1029 4271 fundavit·
