2820 5018
378 447 687 515 ntsrumrto
711 448 783 514 ιιι.
1044 463 1104 548 175

51 592 123 654 radi
132 590 341 667 llittersbusii,
351 593 470 652 Nicolai
481 593 620 674 lligaltii,
630 592 751 652 Nicolai
762 586 895 669 Heinsii,
905 597 996 660 Joon.
1007 603 1109 667 Schel-

50 681 128 754 fen',
147 682 236 740 loan.
258 680 337 740 Lud.
359 678 509 755 Prascbii,
528 694 559 739 et
576 681 723 762 excerptis
742 680 892 756 aliorum,
912 705 997 747 anuo
1017 695 1107 774 1698,

50 768 277 829 Amstelodami
291 770 371 827 in·8⁰
385 767 503 850 prodiit
517 781 644 828 curante
657 769 748 828 Petro
760 772 955 849 Burmanno,
970 780 1023 858 qui
1039 803 1107 845 suas

51 857 150 915 &am
165 857 395 917 observationes
410 855 540 916 addidit.
556 858 644 915 llanc
656 856 709 916 ille
723 856 892 917 editionem
906 864 1010 923 recudi
1022 888 1109 931 cura·

54 946 102 1003 vit
116 947 212 1026 llagae
228 946 387 1006 Comitum
406 966 492 1006 anno
517 943 802 1027 17183‘feteturque
820 967 916 1028 pauca
936 952 1108 1019 admodum

54 1037 215 1096 accessisse
227 1056 327 1110 nova;
348 1056 446 1117 eaque
465 1036 539 1094 levis
555 1056 619 1096 esse
635 1038 799 1109 momenti,
819 1039 878 1096 nisi
895 1043 981 1121 quod
998 1061 1109 1127 praeter

54 1124 197 1204 quinque
208 1123 330 1187 fabulas
342 1145 378 1184 ex
389 1125 516 1185 vetustis
525 1124 753 1206 exemplaribus
763 1146 781 1184 a
791 1125 895 1187 Gudio
907 1146 1022 1209 erutas,
1034 1137 1108 1198 alias

56 1211 170 1292 viginti
183 1233 296 1273 novem
308 1215 497 1274 exoratione
512 1215 613 1274 soluta
632 1213 721 1274 valde
739 1213 860 1274 inficeta
879 1232 909 1277 et
922 1219 1054 1284 barbara
1068 1226 1109 1287 ad

57 1303 253 1362 senariorum
274 1303 457 1384 dignitatem
479 1324 497 1363 a
517 1324 548 1363 se
570 1304 723 1363 restitutas
746 1324 803 1385 pro
825 1310 961 1369 auctario
982 1311 1109 1379 dederit.

56 1385 118 1446 Sed
129 1390 283 1471 appendix
298 1391 354 1449 ista
365 1391 525 1465 Gudiana,
535 1392 697 1472 multoque
708 1395 806 1473 magis
815 1395 1045 1461 burmanniana
1058 1407 1109 1466 rix

56 1476 172 1550 ullam,
193 1499 262 1558 quae
280 1478 413 1539 Phaedro
432 1479 525 1560 digna
544 1483 598 1554 sit,
619 1481 698 1542 mibi
715 1484 780 1542 visa
799 1498 843 1544 est
857 1485 995 1549 fabulam
1011 1497 1108 1555 conti-

58 1586 135 1626 nere

98 1654 192 1731 Quod
207 1669 309 1716 autem
323 1656 362 1715 ad
377 1659 476 1738 ipsam
490 1655 658 1716 editionem
671 1659 817 1738 pertinet,
832 1661 871 1720 ab
886 1665 1013 1728 eruditis
1023 1669 1109 1751 judi-

57 1742 148 1801 cibus
167 1743 300 1803 multum
321 1744 388 1817 illa,
410 1756 440 1801 et
459 1744 584 1817 merito,
607 1743 732 1802 laudata
753 1757 813 1804 est:
837 1749 1009 1831 praecipuos
1025 1759 1110 1818 enim

58 1825 183 1887 Pbaedri
209 1844 465 1890 commentatores
492 1829 585 1888 simul
617 1830 761 1889 collectos
791 1829 929 1907 exhibet,
960 1855 1110 1925 notasque

57 1916 180 1976 Heinsii
194 1931 225 1977 et
237 1919 331 1978 Gudii
344 1919 482 1978 continet
497 1916 628 1977 fideliter
639 1920 815 1999 exscriptas,
829 1941 912 1999 quse,
927 1926 952 1983 si
965 1928 1111 1995 abfuisset

57 2022 155 2086 opera
167 2005 352 2080 Burmanni,
365 2024 528 2088 nunquam
541 2003 620 2065 forte
634 2004 828 2086 prodiissent.
842 2009 978 2073 Monebo
990 2028 1109 2098 tamen,

59 2094 181 2154 lleinsii
197 2110 287 2156 notas
305 2096 466 2178 plerasque
485 2096 554 2155 viro
567 2108 631 2153 tam
651 2096 751 2176 sagaci
769 2109 895 2178 tamque
910 2103 1031 2166 erudito
1048 2110 1111 2170 ess'e

59 2185 216 2266 indignas.
230 2186 287 2246 Sed
299 2185 382 2268 apud
397 2204 502 2266 aequos
519 2184 571 2244 ille
585 2182 703 2263 judices
720 2183 810 2244 facile
821 2202 997 2252 excusatur:
1017 2197 1110 2258 nimi·

59 2292 130 2332 mm
143 2273 225 2332 inter
236 2272 400 2353 legendum
413 2272 460 2332 vel
478 2272 517 2331 sd
531 2272 704 2353 marginem
720 2272 925 2352 adscribebat,
944 2280 992 2340 vel
1012 2285 1110 2367 conji7

59 2359 162 2420 ciebat
179 2373 381 2444 properanter
394 2363 428 2420 in
443 2360 616 2420 adversaria
629 2381 684 2420 sua
698 2360 850 2507 quidguid
864 2364 898 2423 in
912 2383 1049 2430 mentem
1061 2364 1110 2434 vess

59 2448 168 2524 nisset,
188 2469 288 2528 neque
306 2448 432 2507 literatis
451 2445 632 2506 bominibus
649 2446 779 2527 injucun
801 2467 856 2509 um
869 2465 922 2512 aut
941 2455 1111 2521 inutile'est

61 2540 184 2610 rescire,
200 2538 276 2618 quid
287 2552 380 2612 recte,
395 2536 472 2618 quid
483 2539 576 2596 etiam
589 2557 682 2617 prave
694 2558 808 2620 magna
820 2540 944 2622 ingenia
957 2546 1109 2624 quodam.

60 2627 158 2687 modo
167 2628 354 2687 ebullierint.
365 2627 460 2687 Gudii
473 2640 555 2686 notae
568 2626 740 2686 doctrinam
751 2630 863 2709 passim
875 2633 1110 2698 reconditiorent

61 2716 219 2778 offerunt:
234 2740 333 2799 neque
342 2733 460 2792 tamen,
473 2719 531 2777 nisi
545 2719 649 2799 paucis
662 2719 693 2777 in
709 2718 797 2794 locis,
812 2723 936 2781 ductori
949 2727 996 2785 rel
1008 2750 1111 2789 emen-

62 2806 172 2866 dando
179 2808 226 2868 vel
237 2807 421 2867 illustrando
436 2807 571 2866 multum
582 2807 761 2867 inserviunt.
772 2810 818 2869 De
827 2812 918 2870 variis
930 2811 994 2893 ejus
1007 2816 1111 2878 lecti'o2

63 2896 161 2954 nibus
173 2896 270 2978 placet
284 2918 378 2957 uuam
395 2896 583 2975 alteramque
595 2895 645 2955 bic
656 2917 821 2978 exponere,
835 2900 987 2983 simulque
997 2907 1111 2966 refuta·

62 3006 114 3059 re,
133 3005 175 3043 ne
186 3004 269 3048 error
285 2990 364 3070 ipsas
379 2986 622 3068 approbantium
638 3002 795 3067 propaget.
818 3001 845 3046 t⁰
860 2989 928 3048 Lib.
940 2992 976 3066 V,
988 2996 1019 3053 F.
1034 2997 1066 3068 5,
1082 3016 1109 3055 v.

64 3094 121 3133 ao:
142 3070 244 3135 Multis
254 3088 375 3135 onerant
387 3073 534 3133 laudibus:
552 3070 668 3133 adhaec
684 3074 751 3133 ille:
768 3076 849 3135 MSS.
865 3079 1013 3139 Remensis
1024 3090 1052 3140 et
1063 3085 1112 3143 Pi·

62 3162 214 3224 tboeanus:
227 3166 376 3225 Ouznaur
392 3183 553 3221 reuersus:
566 3184 710 3243 quoesane
720 3175 760 3222 est
770 3168 905 3244 critique,
917 3167 967 3225 sed
976 3166 1113 3232 haetenus

62 3273 82 3311 o
99 3256 171 3312 viris
187 3252 275 3313 doctis
295 3275 356 3312 non
373 3250 515 3311 intellecta
533 3248 622 3310 lectio.
642 3250 761 3309 Deinde
779 3253 891 3333 probat
909 3256 1113 3322 eruditissime

63 3340 167 3400 lances
194 3340 284 3414 olim,
306 3339 465 3399 industria·
484 3339 648 3418 praemium
670 3334 872 3399 histrionibus
894 3339 978 3402 datas
1002 3344 1109 3408 fuisse:

63 3429 117 3489 sed
130 3427 193 3487 boc
211 3443 245 3488 ut
263 3431 296 3487 in
311 3429 375 3487 istis
390 3425 470 3486 ludis
488 3425 587 3498 lieret,
604 3425 705 3484 lances
722 3425 755 3484 in
772 3424 926 3486 tbcatrum
943 3429 1054 3494 afferre
1070 3456 1112 3495 se·

64 3540 137 3579 cum
155 3518 332 3578 debuissent
343 3531 539 3600 spectatores,
556 3515 670 3597 quibus
685 3536 812 3575 onerare
826 3518 981 3595 Scurram,
998 3523 1112 3606 dequo

64 3605 116 3667 bic
130 3608 249 3688 agitur,
259 3607 445 3689 potuissent:
461 3604 545 3685 quod
560 3616 640 3662 certe
654 3625 711 3663 usu
724 3627 863 3687 unquam
875 3610 992 3670 venisse
1004 3613 1114 3674 lloma·

65 3696 115 3755 nis
129 3714 239 3769 nemo,
255 3695 383 3776 opinor,
396 3694 586 3754 concesserit.
600 3693 632 3750 2⁰
645 3692 703 3750 Lib
716 3694 744 3769 1,
760 3694 793 3751 F.
806 3696 837 3766 5,
851 3716 879 3754 v.
896 3716 932 3777 7:

209 3827 265 3897 Ego
275 3829 385 3898 primam
395 3826 472 3891 tollo,
483 3827 605 3878 nominor
615 3827 675 3896 quia
684 3824 742 3878 leo:

67 3949 167 4010 doctis
181 3963 212 4009 et
224 3951 387 4011 laboriosis
407 3950 617 4010 demonstrare
636 3961 768 4008 conatm
779 3947 899 4008 Gudius
914 3957 1117 4029 argumentis,

68 4060 141 4121 pro,
154 4041 227 4114 leo,
241 4041 455 4122 reponendum
468 4032 545 4113 esse,
564 4042 669 4111 Creon,
681 4052 717 4097 ut
731 4038 851 4119 syllaba
864 4037 960 4111 vocis,
975 4044 1058 4119 quia,
1073 4042 1118 4100 ul-

67 4131 159 4204 tima,
179 4150 273 4210 quam
293 4144 404 4190 natura
424 4151 479 4189 sua
499 4131 622 4189 brevem
639 4148 703 4187 esse
722 4128 802 4202 vult,
820 4128 950 4209 produci
967 4132 1063 4210 possit
1077 4131 1118 4188 ob

69 4235 190 4280 mutam
202 4232 232 4278 et
243 4219 408 4301 liquidam,
419 4240 488 4299 quse
500 4222 533 4279 in
544 4238 633 4294 voce,
645 4220 750 4291 Creon,
763 4215 823 4277 boc
834 4230 925 4297 pacto
938 4219 1120 4301 subsequen·
