2820 5018
204 447 263 528 111
329 444 397 505 Fll.
420 440 510 504 lOS.
534 441 833 529 DEb'lllLLONS
855 444 1115 513 PRAEFATIO.

198 588 314 648 damno
333 605 435 644 carere
453 583 601 644 Pbaedrus
616 585 728 664 potuit.
746 587 863 645 Locum
875 599 980 647 temen
992 590 1076 651 inter
1088 592 1248 665 ductores,

197 679 251 758 qui
267 695 337 751 cum
347 675 513 732 Veriorum
526 672 609 730 notis
628 673 763 753 impressi
783 687 869 747 sunt,
888 674 984 735 editio
1002 677 1062 736 ista
1081 680 1158 739 satis
1178 681 1249 739 insi·

197 787 290 849 gnem
303 764 437 835 obtinet,
451 763 475 819 si
488 775 600 842 spectes
613 760 651 819 ad
664 762 811 841 pretium,
824 784 888 843 quo
899 764 977 825 solet
987 786 1005 825 a
1015 769 1152 828 curiosis
1161 770 1248 830 libro

197 876 268 916 rum
291 850 481 912 amatoribus
505 851 686 930 comparari.
714 851 840 930 Figuras
864 852 990 933 quidem
1013 856 1049 914 in
1074 872 1118 916 tes
1142 859 1246 918 incisu

197 942 371 1024 complures
389 938 543 1009 contiuet3
564 936 617 996 sed
635 938 674 996 ab
693 937 754 997 illis
775 952 854 998 certe
872 940 957 1001 abest
974 942 1151 1023 elegantia,
1172 945 1246 1005 inter

198 1037 278 1118 ipsas
289 1045 393 1089 autern
405 1027 474 1086 duae
486 1027 534 1085 vel
548 1040 607 1086 tres
620 1027 760 1087 obscene
772 1041 858 1101 suut;
872 1042 902 1089 et
912 1028 978 1090 haec
990 1031 1073 1092 forte
1082 1054 1178 1095 eausa
1190 1050 1244 1107 est,

197 1142 344 1203 europus
361 1116 519 1177 inficetum
533 1118 623 1175 anxie
637 1118 819 1195 requiratur.
837 1120 898 1194 Qui
917 1121 1058 1203 sapiunt,
1077 1122 1244 1184 editionem

196 1209 366 1273 Burmanni
388 1207 450 1266 sive
469 1206 617 1287 primam,
637 1207 699 1264 sive
718 1205 898 1282 secundam,
920 1212 1002 1271 notis
1016 1211 1129 1272 itidem
1142 1212 1243 1271 Vario²

197 1323 266 1362 rum
286 1303 480 1370 instructam,
499 1295 538 1354 de
553 1297 667 1377 quibus
684 1317 756 1356 mox
768 1309 889 1377 agetur,
908 1302 1067 1381 acquirere
1077 1318 1242 1373 conantur,

196 1403 226 1450 et
238 1390 327 1447 istam
339 1384 510 1463 negligunt.

237 1474 402 1533 Phaedrum
416 1471 666 1551 interpretatione
679 1483 709 1529 et
724 1472 806 1530 uotis
821 1471 1006 1532 illustratum
1025 1475 1136 1537 Petrus
1149 1478 1242 1536 Dene-

197 1568 256 1625 tius
270 1567 302 1622 in
315 1583 405 1623 nsum
419 1560 605 1619 Serenissimi
621 1558 782 1642 Delphini,
801 1562 936 1635 Parisiis,
951 1583 1039 1623 anno
1058 1566 1150 1645 1675,
1166 1564 1241 1639 11141·

196 1655 301 1716 edidit.
321 1654 412 1711 llunc
426 1650 538 1729 passim
555 1648 802 1728 Hoogstiatanus
814 1663 845 1708 et
858 1652 1056 1712 Burmannus
1070 1674 1138 1713 non
1152 1652 1240 1713 modo

195 1744 364 1822 exagitant,
386 1737 437 1796 sed
458 1736 604 1795 conviciis
624 1736 716 1793 etiam
740 1736 953 1816 proscindunt.
976 1739 1103 1798 llo'rum
1123 1738 1242 1822 quidem

195 1847 370 1898 censuram,
389 1822 473 1904 quod
489 1835 576 1881 atrox
590 1835 619 1880 et
633 1818 857 1880 contumeliosa
872 1824 922 1895 sit,
935 1822 1025 1882 valde
1039 1826 1202 1909 improbo:
1215 1838 1242 1885 at

195 1916 284 1977 fateri
298 1933 407 1994 cogor,
429 1911 599 1970 editionem
619 1928 746 1967 omnem
765 1908 854 1969 istam
872 1911 995 1970 Danetii
1009 1915 1113 1974 nostri
1130 1916 1180 1975 vix
1195 1914 1243 1975 ali·

195 2027 257 2088 qua
269 2002 346 2064 mihi
358 2022 393 2061 ex
406 2014 491 2082 parte
505 1999 603 2057 risam
622 2018 685 2056 esse
704 1998 991 2058 commendabilem.
1007 2000 1053 2061 Ea
1067 2003 1168 2086 longo
1180 2018 1243 2088 post

195 2112 348 2175 tempore,
361 2110 445 2149 anno
458 2087 568 2148 scilicet
588 2087 675 2166 1726,
694 2085 809 2144 ibidem
821 2100 851 2146 et
862 2087 968 2159 itidem
980 2088 1061 2166 111110
1073 2113 1181 2155 recusa
1190 2110 1242 2171 eet,

196 2198 287 2266 atque
306 2184 413 2252 etiam,
434 2180 456 2237 si
469 2177 561 2236 titulo
574 2175 722 2249 creditur,
741 2176 904 2237 emendata
915 2192 945 2237 et
957 2180 1042 2238 notis
1053 2198 1146 2243 aucta
1160 2186 1241 2245 selec·

195 2274 336 2335 tissimis:
357 2282 389 2328 et
407 2270 440 2326 in
458 2269 515 2325 ista
534 2265 670 2324 hominis
690 2266 839 2345 incogniti
857 2266 1076 2331 lucubratione
1092 2258 1173 2335 nihil
1187 2274 1242 2335 fere

196 2359 439 2421 animadvertere
451 2351 529 2412 mihi
542 2353 643 2425 licuit,
654 2353 714 2411 uisi
726 2352 878 2413 inscitiam
888 2369 1023 2415 veterem
1031 2378 1119 2419 nova
1129 2356 1241 2423 insoni

195 2450 395 2510 cumulatam.

234 2541 340 2615 Quum
352 2534 468 2592 videret
479 2532 586 2590 Petrus
598 2532 729 2590 txenius
741 2531 892 2592 editiones
904 2535 1029 2614 Rigaltii
1039 2536 1120 2599 duos
1131 2541 1240 2622 priores

195 2650 258 2688 esse
270 2630 399 2686 inventu
414 2620 569 2694 difficiles,
586 2633 675 2679 notas
687 2620 752 2700 ejus
769 2619 808 2679 ad
823 2619 902 2680 hane
918 2622 998 2682 etad
1015 2626 1105 2686 illam
1119 2626 1240 2709 adjectas

196 2716 299 2774 denuo
313 2714 346 2771 in
359 2712 458 2769 lucem
472 2728 556 2767 auno
574 2709 662 2787 1671,
676 2709 767 2781 in-80,
781 2710 954 2793 llamburgi
967 2714 1085 2787 emisit3
1098 2730 1190 2797 atque
1200 2714 1239 2776 1111

195 2803 336 2862 exornari
348 2800 420 2858 satis
431 2812 461 2856 et
473 2796 618 2856 illustrari
632 2794 798 2855 Pbaedrum
811 2812 910 2869 ratus,
920 2799 999 2861 nihil
1012 2801 1077 2864 fere
1088 2826 1125 2865 ex
1136 2826 1169 2867 se
1178 2826 1239 2866 con·

194 2891 279 2963 tulit,
306 2889 364 2949 nisi
385 2884 471 2968 qnod
491 2886 606 2944 librum
626 2885 785 2944 dumtaxat
804 2889 940 2967 primum
961 2891 1236 2966 observationibus,

195 2999 260 3039 non
273 2974 432 3037 ineruditis
445 2972 585 3054 quidem,
599 2971 649 3030 sed
663 2972 829 3031 admoram
843 2976 1027 3056 plerumque
1038 2978 1236 3063 Philologiam

193 3068 415 3151 spectantibus,
429 3063 594 3145 explanare
606 3063 777 3122 tentaverit

235 3157 346 3216 Daniel
362 3154 579 3223 llartnaccins,
598 3152 804 3226 Pomeranus,
821 3174 904 3213 anno
921 3157 1014 3237 1697,
1031 3158 1235 3245 thdolphista·

196 3244 254 3317 dii,
267 3244 440 3326 sumptibus
450 3244 541 3300 loan.
550 3238 769 3322 Wiedme‘yeri,
783 3241 964 3324 bibliopolas
976 3246 1176 3325 Lubecensis,
1186 3248 1236 3309 edi·

195 3332 241 3392 dit
254 3333 330 3391 111-110
343 3330 463 3390 l‘haedri
476 3330 572 3388 libros
586 3329 612 3385 V
624 3327 804 3391 fabularum
817 3351 888 3391 cum
900 3333 995 3406 notis,
1014 3350 1049 3393 ut
1066 3335 1132 3418 ipse
1146 3338 1232 3420 loqui·

195 3433 260 3492 tur,
273 3418 439 3489 historicis,
454 3416 630 3487 ritualibus,
651 3416 819 3476 moralibus
836 3432 866 3477 et
882 3417 1095 3502 philologieis,
1116 3428 1231 3509 spissum

196 3528 289 3590 opus,
301 3504 483 3581 octingentis
496 3518 526 3561 et
538 3502 632 3583 paulo
645 3505 780 3586 amplius
791 3506 912 3587 paginis
924 3508 1230 3590 comprehensurulir

195 3595 380 3656 Auctoribus
395 3592 446 3649 ille
458 3592 572 3649 Graecis
589 3607 617 3650 et
633 3594 764 3668 bannis,
784 3596 876 3654 sacris
895 3614 924 3656 et
940 3597 1097 3679 prolenis,
1110 3601 1229 3663 infinitas

197 3707 292 3767 prope
303 3683 428 3741 lacinias
438 3680 575 3738 obtrudit
584 3725 592 3753 ‚
601 3684 713 3759 quibus
722 3682 886 3744 Phaedrum
898 3688 998 3746 multo
1009 3692 1123 3771 saepius
1132 3689 1228 3759 obruit

196 3793 289 3854 quam
309 3769 453 3828 illustrat:
474 3768 645 3847 gravissimi
659 3773 752 3828 etiam
767 3792 801 3829 nc
815 3770 1054 3853 frequentissimi
1070 3797 1183 3838 errores
1196 3792 1228 3855 11·

196 3859 375 3946 pographici
389 3871 502 3938 augent
515 3858 758 3938 importunitatis
772 3858 864 3943 hujus
877 3862 1068 3925 molestiam:
1089 3888 1153 3927 non
1166 3865 1227 3925 trus

196 3968 242 4012 tra
254 3963 357 4009 tamen
371 3948 472 4007 omnis
484 3948 660 4007 Hartnaceii
674 3951 770 4008 nostri
783 3950 900 4010 effusus
914 3966 957 4011 est
971 3952 1077 4029 labor3
1094 3954 1228 4037 quosdam

195 4042 279 4100 enim
293 4036 392 4097 adhue
405 4036 536 4095 inveniri
551 4037 733 4096 Literatores
745 4052 835 4120 puto,
848 4059 926 4118 quos
940 4041 1007 4113 ista,
1021 4043 1227 4125 quamvisper

195 4132 261 4192 lum
272 4128 432 4207 indigesta,
441 4125 588 4185 doetrinae
599 4127 728 4185 varietas
741 4128 786 4186 rel
799 4128 932 4210 adjuret,
941 4130 985 4187 vel
997 4132 1091 4190 etiam
1105 4132 1226 4193 oblectet·

235 4215 382 4278 Phaedrus
394 4234 465 4274 cum
477 4214 602 4293 integris
615 4217 845 4275 commentariis
855 4217 1034 4298 Marquardi
1046 4219 1156 4297 (ludii,
1164 4220 1227 4278 Gon·
