2820 5018
184 412 246 475 536
515 401 782 469 EXCURSUS
804 405 900 468 xvl

181 554 305 613 Crusius
323 553 363 628 (ι)
380 549 451 630 legit
468 572 474 605 ι
494 558 629 627 respectat
647 543 780 606 Siculum
796 559 823 605 et
845 548 997 627 prospicit
1013 550 1131 608 Tuscum
1145 567 1213 605 marc.
1255 590 1257 597 .

182 668 196 694 ιι
213 642 258 699 lta
277 638 359 697 enim
380 636 565 705 Burmanni,
585 635 694 714 iuquit,
711 633 842 716 objectio
861 634 904 694 de
924 637 1036 716 positu
1053 634 1128 695 viuae
1147 633 1214 693 solii·
1255 630 1257 637 '

178 745 239 789 tur.
257 729 318 787 Sita
333 738 396 786 crat
413 724 445 782 in
462 723 627 782 Misenensi
643 721 761 797 littore,
777 744 854 802 ergo
867 724 1017 784 Tuscum
1032 746 1111 785 mare
1125 723 1214 807 prospi

179 816 293 887 ciebat,
310 810 494 893 respectabat
508 809 644 869 Siculum
659 832 755 884 marc,
771 812 848 892 quia
865 813 901 870 in
919 832 1056 872 summo
1072 828 1163 873 monte
1174 830 1214 892 pe

179 905 235 964 sita
258 906 307 980 (2).
320 928 334 955 n
359 902 496 960 Graevius
514 897 662 979 conjicit:
681 902 815 981 prespicit
839 901 1023 982 infernum,
1045 904 1146 984 respicit
1165 903 1213 958 ru

179 1014 245 1052 curu
266 1012 360 1061 incre,
378 990 410 1047 iu
428 1011 490 1070 qua
508 987 639 1048 lectione
652 986 798 1070 brigenda
812 1002 860 1048 est
874 989 965 1050 villae
987 993 1098 1073 positio
1114 990 1212 1059 talis,ut

180 1080 282 1139 fronte
302 1091 447 1160 spectaret
468 1076 602 1137 inferum
623 1098 723 1154 mare,
744 1092 831 1158 tergo
851 1079 1015 1138 Tuscum.
1038 1080 1093 1139 sed
1112 1077 1211 1137 intem

181 1189 263 1227 mare
281 1181 325 1227 est
347 1168 448 1249 ipsum
465 1169 614 1240 Tuscum,
635 1168 695 1227 sive
712 1166 936 1249 Tyrrhenum,
964 1186 1052 1229 recte
1072 1170 1212 1229 observante

179 1259 369 1316 llurmnnnn.
384 1260 462 1317 Cum
480 1255 560 1316 hisce
580 1254 760 1335 conjecturis
782 1256 997 1316 conferendae
1021 1274 1095 1318 sunt
1107 1258 1169 1316 Nus
1180 1252 1209 1312 ad

180 1344 263 1404 hunc
279 1344 389 1404 locum.

219 1438 270 1492 Vs.
288 1456 353 1495 ιι...
372 1437 416 1495 13.
427 1437 517 1495 Varie
529 1434 585 1495 hos
596 1455 699 1494 versus
713 1436 975 1516 interpretantur
990 1438 1051 1497 viri
1063 1434 1210 1512 documii

178 1522 247 1580 dem
263 1536 354 1581 antea
369 1521 453 1582 bunc
467 1521 569 1582 locum
583 1536 724 1582 vexatum
740 1524 782 1581 ita
797 1523 957 1605 explicari
973 1546 1071 1606 posse
1085 1523 1209 1607 putabam:

179 1607 277 1667 ‹lesseu
290 1612 342 1669 mit
355 1612 485 1669 quzcu
496 1608 673 1690 (dedelu)
687 1609 802 1669 besetzte
815 1613 942 1671 Tunica
955 1633 1021 1671 von
1033 1612 1089 1671 den
1099 1607 1211 1673 minim

180 1719 219 1756 au
235 1700 287 1757 ruit
305 1701 385 1758 einer
396 1697 521 1781 Seberpe
534 1698 675 1777 (Scirum)
695 1719 749 1757 uoti
762 1698 959 1759 Pelusisclrer
973 1699 1134 1761 Leinumid
1147 1698 1213 1779 ανῆ·

181 1784 296 1844 iruirdcu
304 1831 314 1858 ,
331 1787 422 1870 struff
430 1808 594 1869 cuqemqeu
613 1808 682 1845 urar.
698 1788 817 1846 Tunica
840 1789 1076 1849 Romanorum
1091 1809 1147 1848 non
1159 1800 1214 1844 arcte

180 1872 350 1934 inhaerebat
366 1878 505 1958 corpori,
521 1877 570 1936 sed
587 1875 690 1958 paullo
704 1888 767 1935 crat
781 1875 901 1952 laxior,
916 1877 962 1937 ad
982 1879 1119 1939 medium
1131 1876 1216 1935 circitfl

181 1983 249 2021 crus
261 1966 437 2046 pertingens
448 1966 497 2045 (3).
511 1967 606 2047 Super
617 1965 753 2025 tunicam
766 1966 1008 2046 cingebantur,
1023 1983 1055 2028 et
1065 1966 1218 2026 delicatiores

181 2052 308 2132 quidem
324 2053 448 2125 iluxius;
464 2069 495 2113 at
508 2058 599 2129 servi,
613 2066 647 2113 ut
660 2053 690 2112 h.
703 2052 725 2112 l.
741 2055 910 2130 Atricnsis,
927 2077 974 2116 nc
988 2058 1071 2117 inter
1083 2056 1219 2114 discurrere

181 2140 257 2199 dum
277 2142 513 2223 impedirentur,
528 2143 587 2203 alte
606 2156 692 2204 erant
715 2144 807 2203 cincti
829 2158 864 2203 ct
888 2145 1007 2226 paullo
1029 2141 1219 2212 strictius,irli·

182 2252 267 2310 ζωνοι.
294 2230 493 2291 Contrarium
521 2233 689 2306 discinctus,
712 2235 817 2291 tuuicoe
837 2233 984 2294 demissae
1007 2233 1059 2314 (4).
1081 2228 1218 2312 cingulum

183 2333 303 2391 autem,
325 2339 377 2379 scu
397 2320 515 2379 balteus
537 2319 691 2401 (Scherpc,
713 2317 862 2396 Seburz),
887 2342 957 2402 quo
980 2324 1087 2382 tunica
1106 2316 1221 2380 atriensis

183 2421 247 2466 erat
268 2408 424 2485 destricta,
446 2432 496 2469 scu
518 2412 696 2484 constricta,
715 2409 831 2470 facturn
849 2426 921 2471 erat
943 2432 983 2473 ex
1005 2413 1098 2473 linteo
1111 2406 1222 2475 Pelusia

184 2496 268 2573 quod
294 2518 409 2558 nornen
431 2500 520 2557 traxit
544 2521 561 2558 a
581 2499 716 2573 Pelusio,
742 2497 852 2557 celebri
880 2514 912 2557 et
940 2521 1059 2579 magna
1085 2496 1152 2557 urbe
1172 2512 1224 2551 ma·

184 2583 286 2639 ritima
307 2585 425 2663 ilsffi'ptl
444 2584 610 2657 inferioris,
628 2606 710 2643 nuuc
728 2583 826 2643 Thin».
845 2586 961 2645 Lintei
980 2586 1083 2645 Pelusii
1097 2579 1222 2640 meminit

188 2672 265 2728 Ptin.
287 2672 399 2729 Histor.
420 2674 487 2730 Nat.
508 2673 559 2731 lib.
577 2676 663 2748 XIX,
686 2696 708 2734 1.
727 2674 831 2732 Lintco
851 2689 969 2734 autern
988 2675 1134 2735 succinctos
1152 2667 1218 2725 sub·

184 2783 214 2820 sc
235 2774 364 2834 veteres,
387 2762 474 2821 docet
495 2764 576 2821 locus
591 2765 725 2823 Suetonii
740 2766 796 2841 (5),
811 2764 867 2822 ubi
886 2765 928 2824 dc
946 2763 1098 2846 Caligula:
1119 2778 1221 2840 aquus·

183 2853 256 2911 dam
272 2853 399 2909 summis
417 2851 586 2910 bonoribus
604 2852 725 2911 functos
742 2855 899 2927 coenauti,
920 2854 1022 2914 inodo
1037 2853 1076 2913 ael
1087 2850 1223 2933 pluteum.

183 2940 275 3000 ruoilo
298 2937 336 2996 ad
362 2938 450 3018 peiles
474 2953 568 3013 stare,
589 2942 745 2998 succinctos
767 2940 880 3011 lintre,
903 2963 1021 3021 passus
1044 2958 1095 3001 est.
1110 2965 1124 2993 n
1143 2937 1223 2997 Graed

169 3016 334 3109 'ejusmodi
361 3028 453 3087 lintea
478 3031 592 3096 σινδόνας
615 3029 778 3110 appellant.
801 3029 947 3089 Verbum
972 3045 1078 3092 autem
1097 3029 1223 3106 demine

184 3145 212 3181 re
234 3120 300 3200 rapi
323 3138 408 3198 ponec
425 3139 479 3199 pro
499 3117 777 3190 zusmnmmzirlmu,
796 3118 961 3193 urrzichen,
982 3122 1111 3181 fortasse
1124 3117 1220 3199 probari

105 3234 109 3245 ·
184 3221 280 3292 potest
294 3227 310 3263 e
325 3206 390 3264 loco
404 3207 520 3266 Scnecae
535 3208 577 3284 (6)
591 3230 596 3263 ;
614 3222 680 3265 uest
699 3207 777 3265 tanti
793 3206 909 3266 vulnus
934 3230 1034 3268 suum
1052 3216 1221 3290 prumano

183 3297 321 3381 patibulo
340 3297 470 3377 pendere
488 3298 678 3363 destrictum3
690 3324 703 3352 u
726 3300 780 3355 etsi
801 3297 897 3377 probe
916 3302 1037 3376 sciam,
1058 3299 1090 3361 h.
1107 3300 1126 3358 b
1142 3295 1221 3358 etalio

182 3386 275 3444 ruodo
292 3383 434 3464 explicari
451 3406 545 3465 posse.
567 3386 705 3465 Denique
727 3383 919 3458 notandum,
943 3392 1094 3448 tunicam
1111 3383 1221 3446 atriensis

183 3479 214 3533 iu
230 3476 290 3531 iura
303 3493 355 3529 ora
368 3472 459 3532 fuisse
472 3472 672 3549 fimbriatam,
684 3496 735 3533 scu
750 3476 844 3532 cirros
859 3495 895 3532 ex
909 3496 949 3534 ca
966 3475 1220 3559 deperiisse-<unt

183 3572 285 3619 auteur
300 3558 371 3616 cirri
387 3558 559 3635 lilaruenta,
577 3576 704 3620 ornatus
718 3580 822 3619 caussa
839 3560 969 3639 addita,
987 3566 1084 3625 nobis
1100 3571 1219 3626 Fauian,

187 3642 347 3715 Truddelu,
360 3643 442 3703 dicti.
456 3648 532 3706 Nam
548 3646 600 3706 fila
615 3662 645 3707 ct
659 3648 783 3720 floccos,
798 3646 933 3708 fimbriae
950 3672 1075 3712 nomen
1090 3651 1221 3711 trahente·

183 3756 258 3817 quos
274 3730 419 3791 Phaedrus
432 3738 519 3794 cirms
533 3738 681 3816 appellat,
695 3736 808 3796 infimae
822 3738 1011 3800 tunicarum
1026 3739 1222 3823 partiatum

217 3869 256 3938 (ι)
267 3869 295 3916 ln
308 3868 381 3917 Misc.
395 3868 458 3919 Obs.
473 3871 538 3921 Nor.
553 3884 615 3921 torn.
633 3875 683 3924 Χ.
761 3871 799 3942 (l)
812 3874 876 3924 llor.
893 3871 941 3924 lib.
958 3877 985 3942 1,
999 3876 1056 3929 Sat.
1073 3879 1111 3944 ss,
1123 3873 1164 3937 2⁵,
1175 3865 1220 3921 tull

183 3951 243 4009 Xll,
256 3968 283 4018 p.
299 3945 359 3997 383.
726 3953 764 4021 Ej.
778 3955 815 4013 ll,
828 3954 967 4013 Satvln,
986 3972 1026 4006 ro.

220 4030 257 4100 (a)
271 4029 310 4080 cf.
326 4029 363 4097 Ε).
379 4028 461 4081 Crusii
476 4032 605 4083 l'robabh.
621 4034 681 4085 Crit.
758 4029 797 4101 (5)
811 4030 893 4101 Calig.
908 4050 971 4102 cap.
997 4034 1047 4095 263
1068 4030 1128 4086 coll.
1143 4031 1221 4081 Jotuu.

182 4135 207 4184 p.
226 4110 281 4162 116.
724 4130 782 4181 cap.
797 4112 870 4177 Xlll,
883 4111 907 4177 4.

215 4191 254 4260 (3)
264 4187 406 4258 r'l'icupoort
416 4190 445 4238 Λ.
456 4190 484 4239 ll.
494 4191 560 4241 Sect.
571 4193 613 4256 Ν,
624 4212 644 4240 r.
660 4211 680 4243 1.
757 4192 796 4261 (6)
810 4194 858 4261 Ep.
873 4191 910 4241 Cl.
925 4207 995 4243 extr.
