2820 5018
225 516 478 600 ANTIQUIT.
502 516 683 582 SCRIPT.
708 520 1007 593 DlSPUTATlO.
1076 539 1139 626 259

163 658 260 720 modo
278 669 382 718 ortum
398 655 490 716 luisse
505 656 633 716 videtur.
652 658 772 735 Quum,
786 660 883 721 Paulo
900 663 990 725 Jovio
1005 674 1140 753 testeo),

158 760 219 809 otto
234 757 322 805 curta
337 756 412 803 esset
428 742 575 824 supellex,
590 743 763 806 adolescens
777 747 811 805 in
824 745 898 809 ludo
910 771 1021 830 pueros
1033 753 1142 820 hones-

158 837 270 898 docuit.
285 835 360 895 Mox
371 834 489 894 Latine
501 833 616 915 linguae
626 834 816 912 rudimenta,
829 839 897 899 utili
910 846 1090 924 compendio
1102 850 1141 910 ad

158 946 238 987 mam
249 925 379 1004 digesta,
395 936 487 1004 atque
500 923 541 981 ob
553 923 581 981 id
595 924 683 984 facile
695 927 798 1006 pueris
810 926 1022 1008 perdiscenda,
1041 937 1143 1017 publi-

158 1030 181 1075 t.
194 1013 361 1075 iuniorum
374 1011 468 1092 igitur
479 1010 587 1071 studiis
599 1027 634 1071 ut
644 1014 816 1089 inserviret,
832 1015 955 1098 collegit
969 1042 1003 1080 ex
1016 1027 1141 1105 optimis

158 1101 272 1163 toribus
280 1098 408 1159 fabellas
418 1119 584 1179 puerorum
594 1100 725 1179 ingeniis
735 1103 990 1181 accommodatas,
1003 1113 1143 1173 nomina·

164 1212 202 1251 ex
218 1191 344 1270 Asopo,
362 1185 507 1262 Phaedro,
524 1188 654 1263 Avieno,
669 1188 781 1269 quibus
797 1190 915 1252 addidit
930 1208 960 1254 et
976 1217 1057 1272 suas,
1073 1200 1140 1261 aliis

158 1281 242 1342 lixtis
269 1276 472 1351 carminibus,
500 1278 540 1336 ab
568 1278 754 1341 adolescente
780 1281 814 1340 in
842 1281 961 1345 chartas
987 1288 1140 1371 conjectis.

158 1389 217 1429 rece
237 1366 453 1428 collectionem
474 1365 586 1425 deinde
608 1369 708 1428 senior
731 1368 763 1435 in
781 1367 881 1430 lucem
902 1375 1040 1436 emittere
1058 1379 1140 1460 apud

158 1478 236 1517 num
245 1454 415 1527 constituit,
428 1453 542 1513 librum
554 1453 748 1515 dedicaturus
760 1456 880 1537 Pyrrho
893 1460 1027 1539 Perotto,
1039 1464 1141 1526 fratris

161 1590 172 1620 ,
189 1542 387 1614 adolescenti,
409 1555 444 1598 ut
460 1541 524 1620 ipse
540 1541 598 1614 ait,
616 1542 801 1603 suavissimo.
818 1543 874 1604 Sed
891 1545 991 1606 lucem
1008 1572 1070 1612 non
1088 1555 1141 1613 ad·

158 1635 187 1695 it
199 1627 397 1715 opusculum,
412 1629 584 1707 nescioquo
595 1647 683 1700 casu3
700 1625 837 1708 ejusdem
849 1643 952 1692 tamen
965 1635 1067 1698 Codex
1078 1642 1139 1701 Ms.

158 1734 237 1782 intus
252 1730 309 1790 est,
326 1715 407 1774 idern
424 1712 488 1786 ille,
507 1711 592 1790 cujus
608 1733 702 1793 supra
717 1715 952 1795 descriptionem
970 1722 1141 1788 uberiorem

158 1814 184 1885 i,
200 1810 253 1869 etsi
269 1808 360 1886 longa
377 1816 464 1865 aetate
482 1801 640 1861 mutilatus
656 1818 686 1861 et
702 1803 834 1864 vitiatus.
852 1805 949 1866 Simili
965 1813 1057 1872 modo
1073 1816 1140 1877 aliae

158 1899 272 1960 ilerum
287 1895 480 1955 collectiones
497 1904 571 1951 ortae
589 1905 677 1966 sunt,
695 1892 728 1950 in
746 1913 836 1952 usum
847 1894 1022 1958 scholarum
1042 1924 1140 1982 quum

158 1987 388 2055 misticorum,
407 1996 475 2040 tum
489 1978 658 2039 Rhetorum
675 1993 802 2055 curatae,
821 1983 921 2063 qualis
935 2000 979 2045 est
992 1987 1140 2052 Collectio

158 2078 271 2137 ilarum
287 2072 479 2152 AEsopiarum
495 2066 680 2149 Aphthonii,
698 2068 737 2126 ad
754 2069 866 2129 calcem
884 2073 1140 2156 progymnasma-

166 2167 219 2245 (2).
234 2165 340 2240 Quum
352 2161 491 2217 Perottus
503 2158 536 2216 in
551 2155 746 2231 Praefatione‚
759 2178 851 2240 supra
862 2176 1029 2222 memorata
1040 2166 1087 2244 (v.
1103 2168 1140 2228 de

158 2252 188 2312 d,
208 2249 290 2311 MSS.
310 2245 431 2306 Phaedri
451 2256 486 2302 11⁰
506 2244 555 2321 5),
577 2242 617 2302 ad
637 2242 808 2326 Pyrrhum,
829 2245 939 2307 diserte
956 2271 1027 2311 suos
1046 2254 1140 2336 ipsius

158 2362 195 2402 ns
208 2362 227 2400 a
238 2336 373 2398 versibus
385 2333 507 2393 Phaedrt
519 2349 549 2393 et
560 2333 669 2393 Aviani
683 2333 862 2416 distinguat3
875 2339 990 2399 mirum
1002 2343 1139 2423 profecto

158 2428 189 2489 eri
203 2439 318 2509 potest,
335 2423 388 2502 qni
402 2420 476 2479 viris
491 2419 588 2480 doctis
605 2423 739 2502 potuerit
754 2424 788 2482 in
802 2440 936 2485 mentem
951 2429 1069 2506 venire,
1084 2433 1137 2492 Pe·

158 2537 209 2578 nm
223 2512 401 2575 fabularum
416 2506 535 2567 Phaedri
551 2507 650 2568 facere
670 2526 834 2572 auctorem.
857 2516 919 2591 Qui
938 2517 1021 2576 enim
1039 2541 1137 2600 quum

158 2619 248 2668 status
264 2616 352 2676 esset,
373 2622 436 2661 non
453 2620 515 2660 esse
531 2619 616 2673 suos,
637 2621 714 2680 quos
733 2616 820 2683 putet
838 2605 987 2684 Pyrrhus,
1007 2613 1136 2671 versicu-

168 2697 220 2758 sed
233 2694 350 2776 AEsopi‚
364 2692 473 2751 Aviani
487 2705 516 2750 et
528 2689 664 2765 Pliaedri,
677 2691 776 2751 addit:

233 2830 305 2897 Quas
314 2825 453 2878 edidissent
463 2827 509 2877 viri
519 2824 590 2876 docti
600 2824 717 2891 fabulas,

232 2910 331 2959 Honori
341 2919 367 2956 et
376 2907 472 2958 meritis
482 2906 565 2956 dicavi
575 2904 630 2956 illes
641 2909 705 2971 tuis,

232 2990 304 3058 Soepe
313 2986 447 3039 versiculos
456 2988 620 3056 interponens
630 3006 710 3050 meos,

230 3069 362 3135 Quasdam
373 3070 423 3119 tuis
434 3069 506 3138 qussi
515 3067 620 3118 insidias
631 3067 750 3133 auribus,

230 3147 300 3202 Solet
310 3151 408 3220 quippe
413 3151 505 3218 juvare
514 3149 563 3199 ista
573 3149 690 3200 varietas.

158 3278 250 3358 igitur
266 3274 342 3334 milii
359 3273 479 3334 videtur
496 3275 617 3348 certius,
635 3295 728 3356 quarn
747 3275 904 3332 Perottum
916 3273 1065 3354 jamtum
1082 3273 1136 3336 ha·

158 3387 188 3425 se
201 3362 323 3424 Pliaedri
338 3379 367 3423 et
379 3364 567 3444 reliquorum
582 3363 794 3422 fabulatorum
808 3363 932 3421 Codices
946 3362 1026 3421 MSS.
1042 3387 1058 3422 e
1071 3368 1137 3446 qui-

161 3454 283 3513 fabulas
303 3454 404 3512 omnis
422 3453 555 3533 generis,
575 3454 628 3513 etsi
646 3453 735 3512 valde
755 3451 967 3533 interpolatas,
987 3473 1053 3511 non
1069 3476 1133 3515 uno

158 3546 272 3603 ninum
285 3564 408 3622 genere,
426 3544 458 3602 in
471 3542 614 3603 Codicem
632 3565 722 3602 suum
740 3542 877 3601 contulit.
895 3542 930 3601 ln
946 3564 1008 3624 quo
1024 3543 1135 3605 Codice

158 3629 243 3691 ibant
255 3631 388 3705 fabellae,
400 3653 476 3713 quas
487 3653 522 3691 ex
539 3633 654 3692 Avieno
669 3632 800 3692 iambico
812 3634 949 3692 carmine
960 3655 990 3692 se
1002 3648 1133 3692 transtu·

167 3721 273 3780 scribit
282 3720 332 3799 (3).

161 3920 169 3959 ς
192 3897 257 3950 illud
280 3916 364 3963 nune,
388 3913 491 3970 reperto
512 3898 589 3969 hujus
664 3901 702 3971 (t)
720 3901 811 3970 Elegia
826 3899 963 3952 doctorum
976 3901 1090 3951 virorum
1105 3920 1129 3970 p.

160 3978 274 4044 codice,
295 3999 327 4030 cx
349 3981 403 4030 istis
426 3981 590 4051 spuantumvis
630 4002 663 4032 rn.
680 3981 728 4048 45,
744 3981 801 4032 coll.
820 3983 926 4033 Funceii
942 3981 1053 4052 Apolog.
1070 4001 1130 4051 pag.

166 4061 282 4131 figuratis
296 4061 426 4113 versiculis
440 4062 516 4112 facile
528 4081 590 4133 pos-
635 4060 681 4111 163
693 4080 730 4131 sq.

158 4141 251 4191 rfutari.
272 4142 374 4191 Exstitit
388 4160 450 4210 ergo
467 4155 527 4193 ante
542 4143 589 4192 l‘e·
665 4140 702 4210 (a)
719 4140 777 4191 vid.
797 4140 952 4192 eiurat-tere
967 4142 1012 4190 der
1029 4139 1134 4190 Dichter

158 4236 260 4274 aetatern
272 4221 372 4274 Phaedri
380 4223 526 4294 exemplar,
537 4242 589 4295 quo
629 4217 851 4284 allerNatiouen,
860 4219 890 4268 T.
904 4221 934 4283 V,
947 4220 973 4268 P.
987 4219 1021 4281 ll,
1032 4238 1057 4286 p.
1071 4232 1128 4284 279.

160 4321 205 4354 sus
217 4302 326 4354 fuerit.»
665 4298 860 4369 (3)Cornueop.
876 4297 934 4349 loco
950 4297 1128 4367 supracitato.
1211 4302 1213 4307 ’

938 4397 979 4450 ¹7·
