2820 5018
196 462 451 544 aurtourr.
476 413 656 526 scater.
681 461 991 531 urseuaarro:
1046 474 1108 560 257

62 620 97 665 et
112 624 179 664 nou
195 601 356 663 incumbat
369 603 528 660 necessitas
541 603 684 660 veritatis.
699 602 777 658 Nam
794 602 862 679 quis
875 616 976 665 tecum
990 609 1028 671 de
1043 634 1111 671 ora.

60 695 166 767 tione,
178 691 247 771 quis
258 689 297 749 de
307 704 448 771 poemate
465 688 662 770 loqueretur?
678 691 784 763 Quum
801 692 834 746 in
851 706 982 774 utroque
998 698 1111 760 littera·

61 802 136 843 rum
148 800 260 863 genere
272 794 302 839 et
315 781 428 839 Atticos
444 780 551 839 Graeca
565 776 741 837 eruditione
752 798 888 858 superes,
903 796 932 840 et
949 785 1112 850 Latinitate

61 869 242 933 Romanos?
251 866 350 949 Hujus
362 890 436 950 ergo
450 867 585 927 materiae
596 867 704 926 ducein
719 867 809 926 nobis
819 869 965 949 AEsopum
977 881 1113 954 noveris,

60 963 120 1043 qui
133 980 281 1042 responso
295 957 436 1041 Delphici
448 957 601 1040 Apollinis
615 957 752 1015 monitus
767 956 897 1015 ridicula
910 980 996 1020 orsus
1010 981 1067 1042 est,
1079 986 1115 1030 ut

60 1048 197 1130 legenda
213 1044 358 1106 firmaret.
376 1047 492 1105 Verum
509 1043 633 1125 haspro
649 1041 787 1124 exemplo
803 1041 921 1102 fabulas
934 1062 965 1104 et
977 1049 1113 1117 Socrates

61 1136 182 1197 divinis
194 1136 339 1218 operibus
353 1135 481 1208 indidit,
494 1148 523 1192 et
534 1132 668 1215 poemati
681 1152 737 1191 suo
750 1130 873 1190 Flaccus
885 1138 1014 1213 aptavit;
1027 1144 1113 1221 quod

61 1226 99 1284 in
114 1244 161 1298 se,
174 1223 231 1283 sub
239 1221 380 1304 jocorum
398 1220 611 1282 communium
630 1219 740 1299 specie,
760 1220 827 1278 citae
843 1218 1023 1300 argumenta
1040 1250 1113 1290 eon.

62 1314 204 1373 tineent:
225 1332 300 1392 quas
316 1311 432 1371 Graecis
449 1309 558 1370 iambis
574 1307 702 1367 Babrius
721 1322 872 1389 repetens,
893 1310 924 1370 in
942 1311 1004 1372 duo
1028 1319 1113 1379 volu-

61 1403 154 1463 mina
173 1402 331 1462 coartavit
351 1399 496 1460 Phaedrus
516 1399 607 1457 etiarn
629 1412 747 1479 partem
766 1395 902 1479 aliquam
920 1404 1059 1485 quinque
1080 1411 1115 1469 in

59 1490 188 1552 libellos
202 1488 335 1551 resolvit.
351 1492 395 1549 De
410 1488 457 1548 his
472 1509 545 1568 ergo
560 1486 597 1546 ad
611 1486 814 1566 quadraginta
828 1504 857 1546 et
873 1487 948 1548 duas
963 1494 996 1551 in
1015 1517 1113 1559 tinum

60 1576 204 1639 retlactas
217 1576 339 1637 fabulas
353 1577 453 1636 edidi:
471 1597 547 1657 quas
561 1574 632 1633 rudi
645 1574 809 1634 Latinitate
823 1579 1008 1657 compositas
1021 1583 1113 1665 elegis

60 1666 297 1748 sum-explicare
310 1682 438 1727 conatus
450 1691 477 1723 a.

107 1756 199 1814 llisce
215 1757 320 1838 priseae
339 1756 435 1814 aetatis
454 1758 650 1827 testimoniis,
670 1775 725 1812 nce
744 1774 808 1813 non
825 1758 1005 1818 auctoritate
1022 1762 1113 1821 Codi-

60 1863 142 1903 cum
154 1842 232 1903 MSS.
247 1842 487 1922 eorumdemque
501 1843 691 1922 antiquitatis
704 1842 794 1901 laude
803 1845 1056 1925 conspicuorurn,
1069 1872 1114 1910 re·

61 1946 226 2014 pertorum
246 1932 278 1991 in
300 1930 399 1991 Gallia
418 1931 474 1988 sub
494 1928 588 1989 fincur
609 1928 711 1989 saeculi
728 1930 810 2003 xvi,
829 1931 965 1991 virorum
981 1934 1114 2017 denique

61 2018 315 2079 doctissimorum
327 2018 481 2100 suffragiis
496 2017 763 2093 fultus,>Pbaedrus
775 2018 814 2077 ad
825 2040 943 2079 annum
952 2022 1050 2084 XVlll
1060 2048 1114 2087 sae·

59 2108 128 2169 culi
143 2109 227 2169 xvn
239 2123 431 2192 pervenerat3
444 2130 544 2190 quum
564 2111 669 2168 Petrus
684 2110 850 2168 Scriverius
863 2131 969 2169 vocem
981 2116 1051 2174 satis
1064 2138 1113 2177 su·

63 2195 205 2278 perham,
215 2214 250 2256 ut
261 2199 304 2255 ait
313 2195 576 2274 Desbillonius(r),
587 2218 644 2278 pro
657 2197 784 2278 irnperio
794 2197 909 2271 emisit,
918 2195 1116 2284 jussitque(2)

62 2284 174 2345 baberi
191 2285 237 2345 vel
255 2287 378 2345 insanos
392 2285 525 2365 judices,
543 2287 591 2344 rel
605 2300 770 2366 nugatores
787 2287 916 2363 otiosos,
934 2292 987 2368 qui
1003 2292 1114 2354 adscri-

63 2372 174 2433 berent
186 2372 315 2434 Phaedro
328 2374 461 2449 fabulas,
477 2395 545 2456 quae
558 2376 614 2434 snb
627 2373 691 2455 ejus
705 2376 833 2435 nomine
846 2376 1113 2462 circumferuntur.

66 2462 171 2541 Quam
189 2464 315 2545 quitlem
334 2465 516 2524 sententiam
536 2477 570 2523 ut
589 2464 803 2546 pronuntiaret
821 2464 998 2542 Seriverius,
1019 2470 1115 2531 addu-

65 2565 134 2609 ctus
147 2565 192 2610 est
204 2573 302 2632 quum
317 2555 409 2612 variis
424 2553 612 2626 rationibus,
629 2574 704 2632 quas
717 2553 750 2610 in
763 2551 847 2610 aliud
860 2566 979 2634 tempus
991 2555 1116 2620 differre

65 2660 97 2700 se
109 2639 248 2714 dicebat,
261 2642 312 2700 sed
328 2663 497 2721 numquam
512 2642 734 2722 protulit,tu1n
749 2642 942 2723 potissimum
956 2665 1114 2728 ea,qtta1n

66 2748 86 2785 a
104 2728 170 2786 Nic.
188 2729 317 2802 Perotti,
337 2726 563 2810 archicpiscopi
580 2729 748 2807 Sipontini,
767 2731 862 2786 Cornu
878 2733 981 2809 capite,
1003 2754 1056 2791 seu
1076 2736 1115 2795 ad

65 2816 244 2876 Martialem
258 2818 503 2889 commentaria,
517 2836 621 2874 cruere
634 2815 813 2874 conabatur.
825 2816 964 2876 Perottus
978 2823 1062 2880 enim
1075 2825 1114 2884 ad

67 2904 126 2964 lib.
141 2906 169 2977 l,
184 2906 238 2987 Ep.
252 2907 304 2986 76,
316 2908 385 2986 (77)
401 2905 494 2979 Quod
510 2907 710 2962 centesimum
729 2906 874 2982 quintum
894 2922 937 2961 est
956 2908 988 2964 in
1007 2912 1113 2970 Cornu

66 2995 183 3076 copie,
198 2994 235 3053 ad
251 2995 342 3054 verba
355 2993 517 3065 Martialis,
529 2990 617 3051 ordor
627 2989 771 3055 Palladis.
791 2989 855 3049 lraec
869 3007 954 3051 notat
964 2996 1022 3072 (3):
1038 2998 1116 3059 allu-

66 3087 104 3141 sit
117 3083 301 3161 (Martialis)
317 3079 515 3165 adfadularn,
530 3100 618 3158 apuam
635 3100 685 3136 nos
698 3100 733 3136 cr
745 3080 856 3135 Avieno
871 3081 912 3159 in¹
927 3079 1035 3141 abellae
1047 3106 1114 3144 nos·

67 3183 128 3229 tras
145 3167 336 3230 adolescentes
354 3168 478 3228 iarrrbico
495 3169 622 3225 contritae
640 3163 855 3226 transtulimus:
877 3163 988 3225 deinde
1008 3170 1115 3233 iisdem

67 3257 168 3316 verbis
180 3257 284 3319 recitat
296 3259 445 3337 integram
458 3252 594 3312 fabulam
602 3296 611 3327 ,
620 3251 719 3332 qualis
731 3251 766 3309 de
775 3249 933 3309 Arboribus
945 3256 976 3311 in
985 3258 1113 3320 Deorum

67 3346 157 3407 tutela
173 3346 255 3428 apud
269 3345 431 3406 Phaedrum
441 3343 482 3422 (d)
496 3343 632 3423 eligitur,
646 3343 702 3418 nisi
718 3342 802 3421 quod
820 3340 883 3412 ille,
901 3340 1011 3403 ultimo
1025 3369 1113 3413 versu

67 3437 200 3510 omisso,
215 3458 316 3497 versus
332 3437 364 3509 3,
375 3434 409 3510 4,
423 3438 455 3507 8,
468 3456 501 3514 9,
513 3432 619 3515 paullo
632 3430 719 3490 aliter
731 3451 766 3489 ac
778 3428 923 3489 Phaedrus
935 3454 1114 3517 composue-

66 3527 108 3583 rit
115 3526 168 3602 (5).
182 3525 272 3584 llisce
286 3524 504 3584 animadversis
516 3521 679 3581 Scriverius
693 3517 827 3593 fabulas,
840 3539 908 3600 quae
922 3519 1015 3600 vulgo
1028 3524 1113 3587 Pha.

103 3680 144 3749 (ι)
162 3678 221 3730 Vid.
238 3681 309 3730 Praef.
329 3679 396 3730 Edit.
415 3677 519 3730 Desbill.
542 3698 567 3748 p.
611 3675 681 3746 apud
695 3675 759 3727 alios
775 3674 934 3728 fabulatores
950 3696 1004 3729 non
1019 3679 1110 3749 obvia,

65 3778 128 3823 m,
141 3760 214 3829 Disp.
227 3760 258 3809 ll.
610 3756 677 3806 forte
685 3757 781 3806 Perotti
788 3753 854 3806 libro
860 3756 951 3806 Ariani
959 3757 1044 3809 addita
1052 3762 1110 3828 fuit,

101 3838 143 3906 (a)
163 3839 192 3887 ln
211 3837 378 3888 Animadvers
406 3836 438 3887 ad
459 3835 569 3888 blitrtial.
611 3835 798 3906 utcomplures
812 3835 865 3887 aliae
880 3836 989 3889 aliomm
1003 3840 1109 3906 stabulm

64 3922 93 3973 1..
109 3919 158 3983 lll,
176 3919 225 3989 Ep.
247 3934 292 3979 20,
311 3938 337 3988 p.
357 3919 404 3979 88,
425 3917 492 3969 Edit.
509 3936 568 3968 anu.
610 3918 765 3985 conjiciente
777 3916 964 3985 Cannegictero
978 3919 1002 3968 in
1016 3921 1112 3974 Disser-

66 3997 146 4050 1618.
160 3995 243 4066 Lugd.
255 3997 308 4046 liat.
320 3998 401 4048 iri-12.
611 3996 709 4045 tatione
726 3993 758 4044 de
773 3992 843 4064 Stylo
860 4007 885 4045 et
904 3995 988 4046 AEtate
1004 3999 1110 4065 Aviani,

100 4076 141 4146 (3)
152 4075 302 4145 Cornucop.
317 4095 342 4145 p.
356 4092 421 4145 999,
439 4074 505 4126 Edit.
521 4074 568 4125 Ba·
608 4091 634 4142 Ρ.
648 4072 705 4122 aaa.

62 4154 103 4207 sil.
123 4153 205 4217 1526,
219 4153 300 4203 insol.
645 4151 682 4221 (5)
698 4152 769 4219 Legit
785 4152 903 4202 Perottus
917 4171 940 4202 v.
958 4154 989 4217 3,
1009 4153 1109 4219 lattmt;

100 4236 140 4308 (4)
152 4238 181 4288 L.
194 4237 244 4302 lll,
260 4236 287 4287 F.
302 4236 380 4287 xvll.
394 4237 454 4288 llrec
467 4232 569 4297 fabula,
610 4252 634 4284 v.
645 4232 676 4298 4,
688 4231 769 4283 Pinus
782 4233 906 4300 Neptuno
910 4253 921 4292 ,·
937 4251 959 4281 v.
974 4234 1002 4300 8,
1015 4248 1043 4287 ot
1054 4256 1108 4289 mc.

138 4343 159 4377 ι.
896 4335 925 4387 ¹7

736 4402 782 4455 'G
