2820 5018
484 471 577 537 ιιι.
602 471 656 550 ιι,
681 470 776 536 ιιι.
801 472 910 536 ιιιι.
1157 478 1219 562 ιιι

177 608 425 700 Hominumque
438 629 525 679 tecto
538 614 689 701 spiritum
700 613 922 677 commiseris?

176 718 218 779 At
230 717 284 782 ille
297 720 433 807 supplex
446 745 452 783 :
466 723 533 784 Vos
546 720 663 798 mode,
677 721 798 807 inquit,
812 721 952 807 parcite,

176 821 355 889 Occasione
368 849 479 891 rursus
493 849 662 914 erumpam
676 826 760 890 data.

176 995 229 1056 quia
242 997 324 1043 Cicero
336 1014 396 1061 sape
408 1000 464 1046 dixit
475 1002 497 1045 in
510 1001 617 1055 morbos,
631 1001 654 1044 in
665 1000 766 1053 crimen,
779 1000 802 1043 in
814 1000 954 1060 perniciem,
965 1011 1008 1045 etc.
1021 1001 1148 1047 incurrere.
1159 1027 1190 1038 -
1200 1020 1223 1065 7.

175 1066 342 1133 Hominumque
359 1081 422 1118 terto.
440 1075 491 1118 Non
503 1072 563 1117 male
576 1071 633 1117 Cod.
646 1072 732 1117 Perotti
744 1068 881 1134 hominisque
893 1080 962 1128 tecto,
974 1073 988 1116 i.
1003 1087 1024 1115 c.
1038 1072 1144 1127 domino,
1160 1073 1224 1135 (ruod

176 1136 276 1196 probant
287 1142 423 1203 Heusinger.
434 1144 458 1187 in
468 1141 573 1188 Addend.
586 1154 609 1188 et
620 1145 743 1188 Burmann.
755 1140 827 1186 Aliter
839 1143 906 1187 sentit
916 1141 944 1187 cl.
957 1144 1033 1207 [unqe
1043 1143 1068 1187 in
1079 1142 1183 1206 Prolegg.
1194 1144 1224 1189 ad

177 1299 245 1353 Clar.
263 1305 382 1358 Jiirdens.
404 1307 620 1380 Unqliiclslicher,
639 1325 678 1358 wo
719 1307 799 1358 modo
813 1311 910 1377 gratia,
925 1308 1080 1360 auctoritate
1099 1321 1124 1359 et
1142 1307 1225 1376 gioria

176 1379 291 1437 dachtest
305 1387 339 1436 du
353 1387 416 1439 hin?
720 1386 868 1449 floruimus,
887 1388 913 1435 in
932 1405 963 1437 ea
980 1405 1051 1437 nunc
1070 1385 1174 1457 quidem
1193 1389 1224 1439 iis

215 1478 238 1529 7.
258 1465 391 1534 spiritum,
410 1467 502 1530 vitam,
518 1479 548 1516 ut
565 1463 610 1516 lib.
630 1467 680 1528 111,
721 1464 842 1516 omnibus
857 1483 982 1516 caremus.
995 1488 1006 1509 ι
1017 1464 1075 1514 Vid.
1086 1465 1223 1518 Turselliu.

177 1540 233 1591 fab.
244 1545 279 1606 11,
290 1543 320 1604 6;
330 1542 375 1595 lib.
388 1547 429 1610 Ν,
441 1545 492 1596 fab.
504 1546 553 1610 XI,
565 1563 595 1614 7:
612 1546 682 1615 ispi·
722 1562 781 1613 pag.
796 1543 858 1593 631.
872 1544 934 1593 Non
948 1561 1016 1594 unus
1028 1545 1096 1593 enim
1110 1544 1184 1596 locus
1196 1547 1224 1596 iu

176 1623 231 1672 ritu
243 1620 348 1692 culpam
359 1621 430 1675 lues:
442 1648 452 1670 ιι
470 1628 497 1676 it.
513 1623 557 1674 tib.
574 1626 616 1688 Ν,
628 1624 680 1674 fab.
722 1623 813 1692 priscis
828 1622 997 1692 scriptoribus
1011 1622 1101 1688 docet,
1112 1627 1226 1694 particu-

177 1700 253 1765 xlx,
269 1717 307 1770 17.
318 1732 353 1741 -
362 1704 523 1756 commiseris.
535 1705 591 1753 Hoc
602 1703 682 1754 verbo
722 1702 773 1752 lam
783 1702 860 1753 motio
870 1705 989 1773 usurpari
999 1721 1076 1773 posse
1085 1722 1134 1773 pro
1145 1724 1225 1757 nunc.

177 1795 242 1846 pro,
254 1779 371 1845 credere,
383 1781 442 1832 fidei
453 1779 562 1852 alicujus
572 1781 683 1844 tradere,
722 1780 782 1831 Vid.
790 1784 850 1831 Ter.
861 1784 924 1832 Hec.
935 1783 1020 1846 {il,v,
1032 1783 1055 1834 8.
1067 1783 1103 1832 1(1.
1115 1785 1181 1836 And.
1194 1788 1226 1850 11,

179 1874 242 1907 usus
259 1872 297 1908 est
311 1859 432 1911 Phaedrus
447 1861 490 1911 lib.
506 1863 530 1924 1,
544 1861 598 1912 fab.
614 1861 672 1910 XIV
674 1898 682 1925 ,
723 1876 746 1925 ι,
757 1860 788 1924 3,
801 1873 829 1910 ut
841 1872 942 1911 taceam
951 1861 983 1913 de
996 1860 1060 1912 aliis.
1071 1892 1106 1900 -
1113 1866 1224 1934 parcite,

182 1934 228 1999 16,
241 1948 266 1985 et
278 1934 322 1986 tib.
337 1939 361 1999 1,
375 1939 426 1990 fab.
442 1941 538 2005 XXXI,
554 1957 576 1991 ι.
589 1941 683 1992 Santo-
724 1939 822 1991 scilicet
831 1943 887 1992 vitae
899 1961 969 1993 mem.
981 1939 1122 2007 Absolute,
1134 1957 1163 1994 ut
1172 1947 1227 1996 Ho-

180 2031 235 2064 roc.
249 2017 320 2065 citat.
334 2015 415 2069 Plaut.
427 2018 532 2070 Trucul.
547 2021 638 2084 1V,1v,
653 2016 682 2068 ι5
724 2033 771 2072 rat.
785 2019 830 2072 lib.
844 2023 880 2086 11,
892 2019 942 2073 Od.
957 2038 1014 2087 rur,
1029 2040 1058 2092 7,
1071 2025 1094 2076 8.
1111 2048 1122 2069 a
1133 2026 1228 2092 Parce,

180 2111 234 2164 seq.
250 2124 285 2132 —
302 2094 478 2168 [commiseris.
494 2100 542 2149 llic
559 2117 684 2149 revocan-
723 2118 827 2170 precor,
837 2120 926 2170 parce,
933 2104 1004 2170 gravi
1013 2103 1150 2155 metuende
1159 2103 1227 2176 thyr-

179 2172 243 2224 dum
257 2176 327 2245 quod
338 2197 385 2227 nos
395 2177 493 2247 pluries
504 2177 684 2229 adnotavimus
725 2198 762 2231 so.
775 2203 786 2224 r
801 2181 849 2232 Ov.
862 2181 940 2230 Trist.
952 2180 998 2231 lib.
1011 2182 1035 2245 1,
1048 2180 1085 2232 El.
1102 2198 1144 2247 ιιι,
1163 2184 1225 2234 126:

180 2251 215 2303 de
226 2254 250 2303 vi
263 2273 342 2325 praep.
356 2275 413 2306 eum
420 2295 428 2320 ,
442 2276 497 2328 quae
509 2271 539 2308 ut
549 2255 576 2307 ri
588 2275 685 2327 graeco·
728 2283 739 2305 ι
748 2262 847 2330 parcite
859 2259 973 2328 eaerutei,
982 2279 1029 2312 vos
1038 2261 1137 2331 parcite
1147 2265 1228 2315 numi·

180 2350 240 2382 rum
250 2331 302 2393 eir,
312 2334 340 2383 id
348 2334 445 2387 indicat
459 2335 529 2407 quod
538 2333 631 2406 gallice
641 2354 685 2385 vo·
725 2359 758 2390 na
771 2342 854 2410 ponti.
866 2362 877 2385 ι

180 2425 269 2477 catur,
284 2411 441 2480 l’eusemble,
456 2414 482 2465 Ia
498 2413 607 2467 roratur.
619 2416 686 2466 'Cre-
760 2436 785 2487 9.
800 2438 884 2472 rursus
894 2436 1036 2491 enimpem.
1046 2420 1115 2471 Nota
1126 2419 1227 2491 elegan-

181 2491 254 2555 dere,
265 2492 297 2544 de
308 2512 339 2545 eo
349 2494 444 2546 dicitur
454 2497 497 2566 qui
510 2493 622 2566 aliquem
632 2513 685 2545 ma·
725 2499 786 2548 tiam
798 2499 883 2564 verbi,
897 2498 968 2569 quod
983 2498 1123 2569 significat,
1136 2499 1228 2551 celeri·

179 2571 226 2639 gni
238 2571 348 2638 iaciens,
359 2575 383 2625 ei
395 2574 515 2635 confidit;
527 2575 686 2626 committere
725 2589 801 2629 teret
813 2595 872 2628 cum
884 2581 983 2646 impetu
995 2579 1077 2643 exire,
1089 2581 1227 2631 occasione

181 2649 216 2700 de
228 2671 259 2702 eo
273 2655 316 2723 qui
329 2666 434 2719 cautus,
446 2654 487 2706 vei
498 2672 552 2704 non
564 2656 685 2706 incautus
726 2657 821 2710 oblata.
836 2656 916 2710 Simili
930 2656 1009 2708 modo
1023 2658 1084 2709 Caes.
1099 2658 1132 2710 de
1147 2661 1175 2709 B.
1193 2659 1224 2712 G.

182 2729 280 2801 aliquid
290 2746 374 2784 totum
384 2732 468 2805 (oid)
479 2735 615 2784 committit
626 2734 686 2784 alte·
724 2739 773 2803 111,
789 2737 820 2804 3,
839 2749 919 2809 upost
934 2736 996 2788 dato
1014 2739 1088 2808 signo
1104 2758 1118 2789 e
1137 2740 1228 2792 cestris

179 2810 235 2860 rius
254 2810 322 2862 fidei.
333 2812 390 2863 vid.
410 2815 559 2865 conterritus
575 2826 600 2864 et
615 2814 685 2864 simi·
724 2830 920 2887 erumperent.»
936 2815 1010 2866 Adde
1023 2815 1073 2866 loc.
1084 2818 1153 2885 Virg.
1167 2818 1225 2869 AEn.

180 2887 231 2953 lia,
246 2891 344 2954 11,xtt,
358 2909 381 2960 7.
396 2888 442 2961 G.]
724 2897 762 2961 X,
783 2894 844 2961 604.
866 2896 1027 2945 Hartmanno
1051 2906 1177 2945 notatum.
1199 2893 1226 2945 'rs'

219 2969 243 3018 8.
265 2969 348 3019 modo.
372 2972 428 3021 Hoc
445 2968 506 3021 loco
528 2969 684 3041 capiendum
725 2990 808 3025 rursus
819 2972 1002 3042 explicandum
1012 2972 1066 3022 vice
1078 2991 1146 3023 verso
1152 3009 1161 3035 ,
1174 2992 1227 3024 non

180 3064 232 3116 pro
245 3048 439 3112 tantummodo,
452 3047 549 3113 solum,
563 3063 592 3099 ut
602 3047 646 3099 lib.
659 3051 684 3114 1,
725 3054 830 3119 iterum,
841 3051 892 3103 hoc
901 3070 993 3104 seusu:
1007 3050 1226 3121 quemadmodum

181 3126 235 3177 tab.
249 3127 331 3190 XVH,
343 3126 373 3192 4,
386 3141 411 3178 et
422 3127 466 3178 tib.
482 3131 505 3192 1,
519 3128 570 3178 fab.
582 3128 645 3193 XX,
661 3144 682 3179 t.
724 3131 777 3182 huc
792 3131 879 3199 erupi,
893 3131 930 3180 sic
948 3128 1062 3179 indidem
1080 3148 1225 3200 erumpam.

182 3205 243 3255 Non
253 3204 685 3278 igiturerplicaridebetouncpar-
725 3211 766 3262 sic
782 3207 887 3258 Deshiil.
903 3209 929 3257 in
943 3206 1061 3258 Addend.
1077 3226 1103 3276 p.
1118 3208 1157 3259 LI.
1174 3211 1226 3260 Eo-

182 3283 246 3349 cite,
263 3296 291 3334 ut
304 3283 400 3336 habeat
414 3286 465 3336 rim
477 3289 609 3354 praesentis
621 3298 685 3335 tem·
724 3287 785 3338 dem
800 3285 879 3337 modo
893 3285 955 3337 Caes.
972 3286 999 3335 B.
1014 3285 1044 3335 G.
1064 3283 1110 3336 lib.
1128 3288 1171 3353 Ν,
1190 3289 1225 3354 4;

182 3365 266 3434 poris,
275 3364 346 3435 quod
355 3364 440 3435 placet
448 3366 512 3415 Tan.
521 3363 620 3428 Fahro,
628 3383 686 3415 cen·
728 3366 843 3417 «reverti
856 3383 882 3415 se
896 3366 924 3414 iu
936 3383 996 3415 suas
1011 3362 1084 3415 sedes
1094 3368 1226 3434 regiones-

183 3446 236 3497 tori
252 3446 376 3497 versionis
395 3443 510 3515 gallicie,
530 3463 587 3516 qum
606 3444 685 3496 habet
725 3463 776 3515 que
797 3441 997 3503 simulavertrn13
1016 3454 1041 3493 et
1061 3441 1138 3495 tridui
1158 3449 1226 3501 viam

182 3541 317 3578 auctorem
335 3527 475 3591 Albinum,
496 3527 540 3598 qui
558 3538 683 3577 verterat:
724 3522 854 3592 progressi
868 3540 956 3573 rursus
969 3534 1159 3574 reverterunt.»
1173 3527 1226 3580 Ali-

184 3606 254 3659 Vens
264 3617 347 3658 autres
357 3605 497 3657 seulement
506 3622 568 3675 oye:
578 3606 646 3675 pitie‘
654 3606 686 3656 de
724 3615 777 3666 ter,
795 3598 840 3651 sed
858 3599 938 3665 male,
955 3599 1091 3669 explicavit
1105 3601 1137 3652 cl.
1154 3606 1224 3659 cate.

183 3686 246 3736 moi.
253 3689 350 3736 Verum
358 3700 444 3737 tamen
454 3699 551 3736 nonest
562 3684 686 3735 aceeden-
724 3680 814 3747 Quum
822 3679 892 3750 apud
899 3678 1226 3738 RomulumDivionensem

182 3763 248 3814 dum
260 3764 424 3828 Bnrrnanno,
438 3764 576 3827 statuenti,
591 3762 683 3827 modo,
723 3760 839 3832 legatur:
853 3761 928 3812 «hec
937 3780 1014 3832 quum
1026 3759 1153 3834 loquitur,
1166 3784 1227 3834 seu,

183 3842 218 3895 ad
231 3854 331 3912 tempus
345 3843 468 3908 relatum,
481 3861 615 3913 nunquam
629 3860 684 3894 esse
724 3852 753 3891 ut
761 3837 841 3891 habet
847 3839 973 3891 Romulus
980 3838 1049 3891 Ulrn.
1062 3839 1136 3891 «hoc
1146 3861 1227 3914 quum

181 3921 270 3985 idem,
290 3923 360 3990 quod
379 3941 466 3987 nuuc,
485 3921 531 3973 sed
549 3920 684 3993 aliquanto
725 3919 965 3983 dixisset,obscuro
973 3938 999 3972 se
1008 3918 1124 3971 condidit
1132 3919 1224 3985 loco;·

182 4012 260 4063 ante,
276 4000 310 4050 ita
324 4013 353 4050 ut
365 4012 438 4051 notet
452 4015 554 4070 tempus
567 4003 685 4070 proxime
726 4015 814 4053 censet
825 3998 978 4064 Neveletus,
991 3998 1113 4050 excidisse
1125 4018 1228 4053 versum

183 4080 317 4148 elapsum,
331 4097 383 4149 quo
395 4097 471 4130 sensu
483 4080 597 4130 occurrit
605 4077 649 4129 lib.
661 4080 685 4144 1,
725 4080 813 4144 hunc,
828 4081 916 4130 statim
932 4079 1017 4129 versui
1034 4094 1067 4145 9,
1087 4077 1228 4147 subjicien-

182 4159 238 4215 fab.
254 4159 304 4224 tx,
315 4175 345 4226 93
355 4157 399 4210 lib.
407 4162 439 4224 V,
450 4159 503 4210 fab.
517 4161 553 4224 11,
564 4159 594 4224 8,
607 4173 632 4210 et
642 4177 684 4230 ap.
726 4158 802 4210 dum:
811 4156 941 4228 quodnon
949 4153 1227 4227 estprobabiie‚qtrurn

184 4240 242 4293 Cic.
255 4237 302 4291 lib.
315 4238 360 4305 IV,
370 4238 419 4307 Ep.
436 4238 480 4289 ⁸3:
496 4237 545 4291 ain
559 4256 611 4310 qua
622 4237 687 4292 urbe
727 4235 908 4306 renuidem
916 4230 1166 4303 dixissstPhaedrus,
1176 4252 1229 4291 cer
