2820 5018
526 448 832 519 nrsrursrto
855 450 882 514 1.
1166 452 1226 540 159

317 598 385 652 ’ἴω
393 609 454 652 sunt
460 610 564 669 partem
574 597 681 648 fuerunt
690 593 800 648 aliorum
808 595 894 665 prium

321 680 390 733 Dein
400 677 548 750 similiqyro
557 678 662 728 venient
671 673 782 727 aliorum
790 676 869 726 vicos.

176 796 214 855 ln
226 793 365 853 editione
377 791 502 872 quidem
514 788 640 851 Davidis
651 787 887 869 Hoogstratani,
899 782 1059 869 splendida
1069 787 1187 871 oppido
1199 805 1230 854 et
1342 773 1347 783 ’
1376 800 1381 809 “

178 878 347 962 magnifica
356 878 412 961 (1),
424 876 457 937 hi
466 899 571 939 versus
580 880 622 938 sic
631 876 838 959 explicantur:
856 876 895 934 Te
903 873 982 934 decet
989 875 1149 960 exemplum
1159 878 1230 942 dara

177 967 248 1028 aliis
265 966 338 1028 bene
354 966 390 1026 de
404 987 487 1050 opere
502 987 566 1027 meo
574 962 741 1048 judicmrdi.
758 962 815 1023 Sed
834 963 1120 1045 interpretationem
1137 967 1229 1028 istam

178 1079 268 1131 cave,
280 1060 404 1132 Lector,
417 1077 457 1117 ne
468 1055 615 1141 ponderis
627 1076 689 1115 esse
704 1052 832 1136 alicujus
844 1053 1003 1112 existimes.
1016 1053 1087 1114 Nou
1100 1052 1152 1116 hic
1164 1059 1230 1142 agi·

178 1160 232 1208 tur
242 1146 282 1207 de
292 1144 428 1222 fabellis,
438 1161 469 1207 at
481 1147 520 1207 de
530 1146 663 1207 fortunis
673 1146 796 1226 vitaque
809 1141 947 1216 Phaedri,
962 1162 1127 1226 sensusque
1136 1144 1230 1229 hujus

178 1234 242 1293 loci
253 1233 324 1294 talis
336 1247 395 1293 est:
406 1235 481 1295 Tuas
492 1249 565 1295 sunt
576 1250 677 1318 partes
689 1233 721 1292 in
732 1251 802 1291 mea
813 1252 904 1291 causa
912 1229 1089 1313 judicandi:
1104 1233 1158 1294 alii
1164 1233 1231 1317 jam

180 1336 272 1383 antea
287 1320 406 1403 judices
425 1344 539 1383 munus
558 1343 649 1383 suum
667 1322 827 1400 (annuum
839 1320 995 1401 videlicet)
1013 1320 1180 1405 injudicata
1199 1347 1232 1387 re

180 1413 364 1473 obiverunt:
381 1413 496 1492 aliique
511 1433 604 1495 porro
622 1412 709 1493 quasi
728 1412 761 1470 in
774 1431 886 1493 gyrum
902 1410 951 1491 (id
966 1412 1051 1493 quod
1067 1410 1232 1497 deprecor)

180 1501 359 1576 succedent,
378 1503 439 1561 nisi
454 1523 542 1563 reum
555 1523 605 1561 me
617 1500 734 1561 absolvi
746 1521 783 1561 ac
794 1500 910 1561 dimitti
926 1520 983 1583 pro
995 1512 1050 1562 tua
1061 1503 1230 1567 misericor·

180 1591 232 1650 dia
247 1588 411 1670 diligenter
421 1593 585 1650 curaveris.

222 1680 304 1739 Reus
321 1682 425 1761 itaque
439 1676 586 1739 Phaedrus
601 1678 639 1738 ad
652 1681 735 1738 varis
748 1678 810 1737 fuit
821 1677 988 1740 tribunalia
1003 1680 1171 1745 traductus.
1189 1689 1232 1748 Ac

181 1767 323 1848 primum
335 1765 460 1846 quidem
471 1764 617 1844 Sejanum
626 1765 667 1842 (a)
678 1779 900 1837 accusatorem,
912 1764 1066 1848 simulque
1076 1783 1182 1832 testem
1197 1795 1232 1836 ac

178 1855 317 1938 judicem
329 1853 448 1916 habuit
461 1853 663 1915 Postmodum
675 1850 736 1913 hoc
747 1852 910 1913 deturbato
925 1855 964 1912 ab
977 1858 1124 1920 omnibus
1138 1860 1234 1924 fortu-

182 1944 243 2017 nis,
255 1945 474 2024 exstinctoque,
484 1962 547 2002 non
557 1939 671 2000 idcirco
683 1953 788 1999 tamen
800 1939 908 2000 missus
921 1940 973 2001 ille
984 1942 1095 2019 abivit3
1105 1948 1156 2008 sed
1169 1952 1233 2029 alii,

184 2034 249 2091 sive
269 2031 370 2114 Sejani
394 2031 510 2090 mortui
530 2028 701 2089 vindictam
721 2041 751 2089 et
771 2029 905 2111 incoepta
923 2045 1151 2112 persequentes,
1173 2040 1235 2100 sive

184 2121 315 2202 propria
331 2117 485 2179 simultate
504 2115 656 2191 instincti,
676 2112 823 2177 afflictare
839 2116 941 2200 ipsum
957 2117 1166 2200 obstinarunt,
1181 2139 1235 2186 aut

184 2207 313 2289 perdere
331 2207 425 2267 etiam
443 2218 619 2266 tentarunt:
640 2217 669 2265 et
688 2205 709 2264 ii
725 2218 811 2280 sunt,
831 2218 940 2266 contra
958 2227 1037 2287 quos
1055 2207 1125 2271 loco
1142 2233 1234 2298 supra

185 2312 360 2358 memorato
376 2295 619 2357 misericordiam
632 2295 778 2377 implorat
792 2295 924 2368 ludicis;
943 2316 979 2357 ae
989 2294 1157 2362 difficulter
1168 2306 1236 2385 qui·

185 2384 257 2447 dem
267 2385 415 2468 spiritum
426 2384 551 2464 dicit(3)
563 2384 721 2448 continere
733 2405 779 2459 se,

329 2509 485 2577 integritatis
495 2509 539 2580 qui
550 2508 655 2560 sincere
664 2509 786 2560 conscius

330 2587 354 2637 A
363 2589 500 2639 notionum
510 2590 635 2659 premitur
642 2586 793 2639 insolentiis.

187 2702 244 2763 Sed
260 2702 427 2764 nominare
445 2724 635 2785 quemquam
651 2702 777 2762 illorum
793 2722 859 2763 non
878 2699 985 2776 audet,
1005 2704 1069 2785 ipse
1085 2707 1138 2787 qui
1156 2706 1237 2788 Seja-

188 2814 267 2852 num
280 2792 433 2852 viventem
443 2793 666 2874 florentemque
676 2793 904 2866 nominaverat,
914 2786 987 2871 quia
998 2813 1108 2876 nempe
1121 2795 1237 2859 damno

190 2899 249 2940 suo
261 2879 381 2956 didicit,
395 2879 475 2941 hanc
488 2883 678 2942 verissimam
690 2901 765 2954 esse,
782 2900 876 2962 quam
893 2879 999 2957 refert,
1010 2881 1105 2944 Ennii
1118 2899 1238 2945 senten·

192 2981 288 3027 tram:

333 3090 422 3145 Palam
431 3093 524 3145 mutire
533 3088 637 3161 plebeio
646 3089 790 3161 periculum
799 3101 847 3142 est.

189 3209 278 3268 Nunc
291 3220 396 3266 eutem
408 3209 483 3268 scire
491 3209 516 3268 si
529 3207 618 3280 velis,
630 3227 692 3287 qua
705 3207 756 3266 ille
766 3208 817 3266 via
828 3215 950 3264 tantum
961 3204 1019 3265 sibi
1030 3203 1239 3283 infortunium

191 3297 396 3370 arcessiverit3
411 3318 450 3356 en
467 3298 599 3379 seipsum
614 3296 688 3355 mali
704 3298 750 3355 sui
766 3310 921 3356 auctorem
935 3309 965 3354 et
981 3293 1179 3358 architectum
1193 3299 1240 3361 fa·

191 3399 272 3446 tetur
281 3384 339 3445 lib.
351 3386 409 3460 lll,
423 3384 506 3445 Prol.
518 3407 547 3444 v.
560 3386 611 3460 38,
625 3384 680 3443 ubi
690 3386 833 3466 AEsopum
847 3405 1022 3444 memorans
1031 3384 1120 3448 dicit:

336 3509 392 3579 Ego
401 3528 481 3579 porro
491 3507 558 3561 illius
568 3511 660 3561 semita
671 3509 722 3560 leci
731 3511 812 3572 riam;

337 3588 369 3639 Et
378 3590 490 3658 cogitavi
499 3587 588 3660 plura,
599 3608 677 3660 quiam
687 3588 841 3661 reliquerat,

337 3669 367 3720 ln
376 3668 549 3722 calamitatem
559 3668 675 3740 deligens
685 3669 802 3741 quasdam
812 3689 904 3723 meam.

197 3778 354 3858 Quasdam
367 3778 508 3838 videlicet
521 3800 537 3838 e
551 3780 612 3839 suis
628 3777 749 3839 fabellis
766 3780 832 3840 vult
851 3779 995 3861 intelligi,
1011 3782 1124 3862 quibus
1139 3784 1242 3865 &jani

198 3866 392 3949 aliorumque
405 3865 465 3925 iras
480 3867 513 3924 in
528 3886 558 3925 se
572 3867 778 3928 concitaverit
799 3867 856 3928 Eas
869 3867 995 3950 quidem
1008 3870 1162 3951 assignare
1174 3893 1243 3933 non

234 4052 458 4124 (1)Quaeinusum
466 4054 702 4108 Serenissimil‘n'n·
740 4056 810 4108 tibus
829 4055 962 4127 pennultis
981 4056 1090 4107 feliciter
1107 4057 1241 4113 edomata.

206 4131 264 4200 cipis
275 4135 407 4198 Nassavii,
425 4153 496 4187 anno
513 4151 592 4205 '7⁰¹2
607 4135 703 4206 prodiit
777 4137 816 4206 (o)
828 4136 884 4187 Lib.
898 4138 945 4201 ΙΙΙ,
958 4135 1025 4186 Pr'ol.
1038 4155 1061 4186 v.
1075 4137 1117 4205 qr.

210 4208 387 4266 dustelodami
400 4215 481 4282 ἰπὶ-43
498 4215 585 4288 figuris
599 4216 704 4286 elegan-
777 4215 816 4285 (3)
828 4214 883 4267 Lib.
896 4217 930 4266 1v
931 4252 940 4281 ,
952 4213 1018 4286 Epil.
1033 4233 1056 4265 r.
1070 4214 1115 4266 30.
