2820 5018
173 434 213 512 34
547 428 611 491 na
633 426 838 498 ennam

170 574 299 659 Jaerdues.
310 565 491 650 Lessendiets
501 589 537 625 ne
545 579 610 625 sont
617 569 700 647 point
709 570 837 648 separes,
848 578 876 625 et
885 564 911 625 le
920 568 1043 650 tuutsait
1050 571 1133 628 suite.
1145 558 1217 629 vid.

173 666 243 724 Not.
256 659 351 718 (iabr.
363 655 489 715 brotier.
505 675 574 735 pag.
594 672 658 733 171,
673 676 717 735 sq.
731 653 875 714 Codicem
891 652 1002 714 Pitboei
1017 658 1220 717 a1ecentiors

173 771 270 811 manu
282 757 452 807 correctum
459 764 537 816 esse,
553 743 664 824 probat
676 747 806 803 varietas
818 744 957 804 lectionis
971 745 1004 804 in
1014 744 1123 804 eadem
1134 764 1219 807 vooe.

173 842 220 900 lta
231 838 286 898 tib.
301 838 325 909 Ι,
344 831 407 892 feb.
427 832 583 906 XXX1,8‚
604 852 765 914 perperam
786 832 984 893 emendatum
1002 848 1047 893 est
1051 832 1159 918 jtmcto
1163 836 1219 919 fit·

172 931 238 990 ciem
250 947 306 1008 pro
320 926 374 982 icto
378 920 499 1005 scudem.
517 920 630 979 t'idev
643 922 758 980 librant
770 922 809 982 ad
820 923 924 982 locum
933 924 1073 998 citatum,
1083 938 1119 984 at
1131 925 1218 985 omit·

172 1034 235 1080 tam
250 1015 321 1087 alia,
336 1032 391 1071 sno
404 1011 473 1069 ioco
488 1010 691 1070 observanda.
708 1013 798 1072 Recte
810 1026 913 1073 autern
927 1014 984 1071 viri
1001 1012 1085 1073 docti
1104 1015 1218 1073 miran-

173 1124 224 1169 tur
242 1104 379 1165 codicem
400 1113 605 1159 memoratum
625 1120 691 1159 non
711 1101 843 1161 inveniri
863 1104 895 1161 in
909 1102 1051 1183 catalogo
1067 1102 1217 1162 librorum

173 1196 357 1275 scriptoram
375 1208 453 1269 qnos
474 1188 580 1246 Petrus
601 1185 738 1247 Pithoeus
753 1189 829 1248 olim
848 1188 1032 1270 possidebat.
1054 1188 1102 1248 Cf.
1118 1190 1149 1252 V
1148 1192 1174 1248 ie
1186 1188 1216 1249 dt

174 1286 271 1344 Piens
281 1278 385 1339 Pitbou
400 1279 467 1359 (par
480 1275 630 1357 Grosiey),
646 1277 745 1351 Paris,
763 1279 847 1357 1756,
860 1278 949 1353 ἱππ-80,
962 1288 1038 1337 torn.
1053 1276 1093 1351 ΙΙ,
1106 1300 1137 1359 ρ.
1152 1278 1215 1357 275.

173 1372 230 1434 Sed
249 1385 435 1451 quacunque
455 1365 493 1425 de
511 1385 602 1423 eausa
622 1365 714 1425 fuerit
736 1368 881 1442 omissus,
894 1380 974 1427 certe
991 1368 1152 1427 averitate
1166 1365 1215 1426 ab·

172 1460 300 1521 horrent
316 1476 385 1537 quae
405 1455 486 1514 libro
505 1455 598 1513 citato
617 1468 724 1514 notata
738 1470 809 1515 sunt
820 1456 895 1516 :J‘ai
915 1464 967 1517 oui
983 1456 1044 1517 dim
1063 1456 1135 1537 qa'il
1151 1458 1215 1516 uait

171 1552 255 1631 posse
272 1547 347 1606 datis
369 1542 399 1603 ia
421 1541 610 1623 bibliotheque
627 1544 713 1603 dune
732 1549 940 1606 commanente
957 1545 993 1606 de
1010 1548 1122 1620 Reims,
1135 1558 1171 1605 ut
1182 1564 1214 1605 ex

174 1639 210 1697 iis
222 1634 376 1695 constabit
385 1652 455 1713 qttae
465 1651 536 1690 mox
550 1629 701 1691 dicentur.
716 1633 760 1691 Ex
774 1631 938 1693 Pithoeano
952 1632 1073 1709 codice,
1084 1653 1151 1693 non
1165 1632 1214 1693 Re·

174 1726 271 1785 mensi
292 1725 342 1801 (r),
366 1721 553 1781 concinnata
578 1734 622 1779 est
643 1722 742 1802 prima
766 1720 888 1782 Pbaedri
914 1722 1030 1797 editio,
1057 1735 1213 1782 accurante

174 1814 265 1872 Petro
278 1809 409 1884 Pitboeo,
419 1807 457 1867 de
469 1829 530 1888 qua
545 1806 626 1867 infra
638 1808 680 1886 (a)
691 1809 829 1889 exposui.
846 1810 1011 1890 Egregium
1026 1822 1130 1869 autern
1142 1804 1213 1867 illud

174 1899 366 1981 antiquitatis
388 1896 631 1969 monimentum,
654 1896 739 1975 quod
761 1916 832 1955 curn
850 1896 976 1978 reliquis
994 1895 1119 1957 Pbaedri
1136 1892 1213 1955 codi-

173 1989 260 2047 cibus
271 1987 393 2069 periisse
403 1982 532 2066 putabat
545 1984 729 2064 Lessingius‚
738 1984 982 2044 communicavit
991 1986 1031 2043 Le
1042 1980 1213 2043 Peiietierdt

175 2075 324 2145 basanim,
345 2088 466 2132 senatus
485 2071 644 2149 quondam
669 2073 842 2153 parisiensis
867 2088 976 2153 praeses
994 2072 1051 2151 (3),
1074 2091 1147 2130 cum
1173 2068 1212 2129 Gi.

175 2165 294 2231 Bmtier,
307 2161 360 2241 qui
373 2161 452 2218 circa
464 2178 582 2216 airrrunr
595 2178 803 2231 crumecaxxx,
817 2159 920 2218 deirae
933 2159 1067 2219 contulit
1078 2172 1108 2217 et
1122 2158 1212 2217 variat

175 2248 288 2308 codicis
311 2248 455 2305 lectiones
476 2245 508 2302 in
527 2243 710 2304 adornanda
731 2267 814 2306 nora
836 2247 956 2307 Pbaedri
972 2247 1109 2306 editione
1126 2244 1168 2325 (4)
1186 2246 1212 2303 in

176 2360 247 2397 usus
262 2357 333 2396 suos
353 2332 519 2393 transtulit.
542 2334 632 2392 Forte
644 2349 735 2393 erunt
749 2337 801 2415 qui
823 2356 944 2396 mecum
957 2349 1081 2418 optent,
1100 2351 1137 2396 ut
1150 2334 1212 2394 vicit

175 2425 274 2485 doctis
292 2443 372 2502 quos
386 2421 523 2480 codicem
540 2438 745 2482 memoratum
767 2425 800 2484 in
822 2425 967 2485 manibus
985 2424 1131 2484 habuisse
1148 2442 1212 2484 eon·

175 2527 248 2585 stat,
270 2510 405 2583 Pitboeo,
421 2509 568 2588 trigamo,
586 2511 707 2585 Gudio,
725 2514 873 2573 brotierio
889 2514 1067 2596 placuisset.
1088 2512 1212 2593 descrip

175 2601 293 2658 tionem
309 2600 396 2671 libri,
416 2612 554 2657 accurate
565 2615 593 2657 et
609 2599 781 2680 diligenter,
804 2619 837 2662 ut
858 2603 957 2662 solent
972 2603 1087 2676 critici,
1107 2601 1212 2661 factam

175 2706 246 2744 cum
259 2683 370 2743 barum
378 2704 480 2742 rerum
488 2685 607 2764 cupidis
615 2691 854 2750 communicare.
865 2694 971 2767 Quum
978 2691 1063 2750 enim
1071 2688 1211 2749 codexPi

175 2770 250 2829 tboei
265 2793 301 2829 ex
319 2771 465 2829 omnibus
479 2769 598 2830 Pbaedri
614 2777 829 2854 manuscriptis
843 2779 880 2835 sit
893 2779 1018 2850 unicus,
1032 2778 1087 2856 qui
1101 2789 1211 2836 aetaten

176 2858 257 2931 tulit,
273 2860 298 2916 is
314 2856 438 2937 quidem
453 2871 645 2914 momentum
665 2856 739 2916 facit
757 2860 790 2917 in
806 2863 1031 2934 controversia,
1047 2862 1210 2921 recentiori

175 2944 232 3006 bns
244 2946 435 3027 temporibus
447 2944 485 3003 de
497 2946 678 3026 antiquitate
691 2946 870 3008 fabularum
881 2947 1003 3009 Pbtedri
1014 2964 1131 3010 exorta.
1143 2952 1210 3011 Gau

177 3030 225 3093 bis
239 3049 342 3092 tamen
357 3032 566 3113 comparabis,
581 3052 650 3113 quae
664 3032 763 3108 infra,
782 3035 815 3093 iu
833 3036 1025 3118 disputatione
1043 3037 1080 3097 de
1096 3034 1210 3096 Piurdtt

212 3243 425 3311 (r)beNaur›enu
437 3245 676 3298 Dictionrmiiebist.
756 3248 825 3299 Certe
838 3250 957 3300 ammian
970 3246 1002 3298 de
1014 3246 1166 3299 t'eaimatte
1175 3266 1209 3298 au

179 3336 240 3372 torn.
252 3325 311 3388 vll,
323 3342 382 3393 pag.
400 3325 462 3393 193,
474 3324 529 3375 bue
545 3326 676 3375 continet:
720 3334 776 3374 tcur
789 3326 823 3376 dn
836 3326 963 3376 Murena
975 3327 1157 3378 Dietionnaire
1167 3324 1209 3377 bis

180 3422 192 3444 ι
203 3400 322 3463 Fruneois
335 3403 431 3452 Pithon
443 3401 499 3452 leur
508 3401 679 3474 (eusebiis)
719 3406 821 3474 torique
835 3404 995 3473 (Chaudorr)
1008 3415 1044 3456 est
1057 3402 1209 3456 destitue'ed

179 3478 292 3529 redum
309 3478 335 3529 Ia
353 3478 475 3543 lumie'ne,
493 3499 524 3529 en
544 3480 580 3531 les
598 3482 678 3533 tinent
719 3486 943 3553 toutsondement.
955 3484 1007 3554 (B.)

177 3560 209 3610 de
219 3559 245 3609 Iu
255 3558 432 3632 bibliotheque
439 3560 470 3610 de
478 3562 636 3612 &int-Remi
645 3561 677 3610 de
751 3559 854 3630 (2)Vid.
866 3562 979 3613 iudicem
989 3562 1142 3615 Editionum
1151 3560 1208 3613 Pb:

179 3640 295 3689 denus.-
316 3640 380 3704 Quo
400 3641 421 3689 si
435 3658 494 3690 vera
513 3654 589 3704 sunt,
609 3640 677 3692 forte
717 3640 757 3691 dri
774 3641 807 3692 ad
822 3660 919 3693 artuum
937 3643 1017 3712 1596,
1032 3642 1092 3695 con.
1110 3644 1145 3696 ad
1159 3662 1208 3695 anu

179 3719 307 3786 conjicere
330 3720 427 3786 possis,
447 3716 571 3768 Codieem
592 3721 618 3768 iu
639 3718 677 3769 bi·
721 3722 795 3790 1599.

179 3793 309 3845 bliotbeca
321 3795 436 3865 qaadtnu
445 3797 578 3858 Remensi,
588 3799 677 3847 neseio
751 3800 791 3870 (3)
809 3802 841 3851 (⁹ae
850 3802 972 3869 paciens
983 3805 1127 3854 munissent
1145 3803 1206 3853 exist

179 3892 245 3945 qua,
263 3890 277 3923 a
294 3874 385 3923 Frane.
403 3872 503 3924 Pithoeo
517 3890 574 3924 esse
587 3875 678 3924 iarea-
718 3898 808 3931 encore
825 3878 942 3950 aujourd
944 3880 989 3930 tui
1003 3882 1069 3932 dam
1087 3880 1114 3932 Ia
1133 3880 1206 3933 biblio

178 3969 243 4006 tuin.
260 3954 400 4024 Utcunque
418 3966 505 4004 tamen
524 3970 551 4004 se
570 3972 611 4005 res
630 3953 678 4004 ba-
719 3957 810 4029 thiipoe
827 3959 858 4009 de
872 3959 910 4008 Μ.
925 3958 950 4010 le
961 3960 1071 4010 uicomte
1083 3958 1118 4009 Le
1136 3956 1206 4010 Peste

179 4033 253 4098 beat,
265 4036 313 4085 iste
327 4032 419 4084 Pitheci
431 4034 519 4085 Codex
529 4033 614 4104 probe
624 4033 679 4085 dis·
719 4036 767 4085 tier
775 4034 805 4083 de
815 4036 937 4095 Rosattbo.
946 4039 1008 4105 pair
1014 4039 1046 4088 de
1055 4036 1162 4089 lintace.
1171 4036 1206 4101 (E

179 4112 337 4185 tinguendas
350 4127 390 4164 est
402 4112 436 4164 ab
448 4111 529 4164 altero
542 4115 678 4179 bremensi,
751 4112 791 4183 (4)
800 4116 872 4165 Praei.
885 4116 1002 4169 Brotierii
1011 4139 1038 4190 p.
1049 4134 1090 4184 rr,
1102 4117 1162 4170 culi.
1176 4134 1205 4168 su

178 4195 275 4269 dequo
285 4212 345 4247 mox
354 4194 459 4247 uberius
468 4193 602 4246 disseram.
717 4210 766 4264 pra
776 4206 831 4245 not.
847 4210 856 4245 t
867 4232 875 4260 ‚
888 4214 914 4266 p.
925 4195 969 4260 35.
