2820 5018
190 479 648 564 ANTIQulT.scu1PT.
674 480 972 549 DISPUTATIO.
1040 512 1098 578 27¹

59 625 108 702 git
126 624 312 703 Epicureum
333 620 422 680 illum
439 621 547 693 fuisse,
566 619 603 677 de
622 640 684 699 quo
704 641 797 700 supra
815 624 932 683 mentio
951 625 1032 689 facta
1047 648 1105 708 est,

61 712 176 792 partim
198 711 238 769 ab
258 711 420 782 Babrium3
445 729 543 789 quum
563 710 652 767 unice
671 708 831 768 referenda
849 713 910 770 sint
928 713 966 771 ad
985 716 1106 781 fabulas

60 801 181 880 AEsopi,
195 821 289 880 quem
301 800 436 858 Avianus
450 799 560 857 ducem
572 801 732 856 materian
744 820 774 858 se
788 815 932 881 susceptae
946 806 1106 885 praedicat,

58 901 90 947 et
108 886 147 947 de
162 885 248 968 cujus
265 886 391 959 fabulis,
409 885 449 945 ad
465 885 639 967 exemplum
657 887 759 945 Babrii
781 901 810 946 et
831 888 963 964 Phaedri,
985 915 1015 952 se
1033 917 1108 976 qua-

58 974 207 1055 draginta
230 988 260 1035 et
282 974 358 1034 duas
380 974 480 1055 Elegia
501 972 649 1054 explicare
672 988 819 1033 conatum
839 997 901 1036 csse
921 1000 1110 1044 commemo-

62 1064 167 1142 rat(t).
176 1063 283 1140 Quum
293 1065 383 1122 ctiam
393 1063 526 1121 dvianus
538 1060 636 1120 verbis
648 1063 789 1142 expressis
800 1077 933 1138 testetur,
943 1065 1109 1130 Phaedrum

59 1149 200 1232 aliquam
211 1150 389 1210 fabularum
404 1151 595 1231 AEsopiarum
611 1163 728 1230 partem
746 1151 779 1209 iu
792 1154 920 1231 quinque
933 1153 1050 1217 libellos
1064 1181 1108 1218 re·

60 1240 201 1315 solvisse,
220 1262 289 1323 quae
310 1242 402 1300 verba
422 1240 585 1300 Phaedrum
603 1253 741 1299 nostrum
760 1257 863 1321 aperte
881 1261 1032 1324 arguunt:
1056 1251 1110 1329 qui

60 1327 129 1388 fieri
142 1343 277 1413 poterat,
290 1342 323 1389 ut
336 1329 469 1390 Christio
481 1330 513 1386 in
526 1340 662 1387 mentem
673 1330 789 1388 veniret
801 1326 947 1390 Phaedrus
961 1332 1012 1393 iile
1026 1337 1108 1395 Grae-

61 1438 130 1491 cus,
152 1419 308 1500 Epicureae
329 1417 497 1500 disciplinae
519 1416 735 1499 philosophus,
759 1421 827 1499 qui,
849 1421 1111 1498 quemadmodum

61 1508 211 1583 Socrates,
230 1509 351 1569 fabulas
368 1510 533 1589 scripserit,
548 1531 564 1567 e
579 1509 690 1589 quibus
704 1509 838 1568 Avianus
855 1516 1027 1592 expresserit
1043 1537 1110 1576 suas

62 1596 165 1677 Elegis
174 1598 234 1678 (2)?
249 1600 365 1659 Mirum
376 1597 515 1681 profecto
527 1599 623 1658 videri
636 1600 729 1680 possit
742 1599 899 1672 omnibus,
913 1601 990 1662 benc
1002 1608 1109 1666 verita-

63 1698 127 1743 tem
144 1686 349 1758 intuentibus,
367 1688 391 1747 si
404 1689 445 1746 ita
457 1708 542 1747 casus
553 1686 683 1759 tulisset,
697 1700 731 1745 ut
744 1687 824 1747 idem
836 1686 900 1760 ilie,
917 1711 1010 1769 quem
1026 1694 1110 1753 Grae·

63 1793 139 1831 cum
152 1771 314 1835 Phaedrum
328 1790 414 1835 vocat
426 1775 589 1849 Christius,
607 1775 705 1835 Libris
720 1779 846 1857 (petiitque
859 1776 979 1839 fabulas
995 1782 1028 1839 in
1045 1784 1110 1843 vui·

62 1884 122 1943 gus
136 1862 243 1926 ederet.

107 1953 213 2013 Unum
227 1967 330 2026 restat,
343 1955 427 2034 quod
445 1953 594 2012 Christius
611 1953 699 2012 valde
716 1965 817 2033 urget,
838 1974 948 2035 nempe
964 1976 1003 2014 nc
1016 1977 1112 2016 unam

64 2039 192 2118 quidem
201 2039 378 2101 fabularum
386 2044 493 2101 Aviani
506 2043 538 2100 in
547 2041 666 2101 Phaedri
680 2043 776 2100 nostri
787 2041 872 2100 libris
885 2044 1021 2124 quinque
1033 2046 1114 2105 inve·

63 2130 134 2187 niri.
148 2129 218 2206 Quo
231 2133 262 2189 iu
275 2151 385 2209 genere
397 2130 558 2189 commode
572 2128 763 2211 supersedere
776 2143 881 2210 potero
894 2129 1112 2212 disputatione,

64 2238 164 2297 quum
176 2221 310 2279 Aviauus
323 2221 444 2281 fabulas
458 2242 526 2280 suas
541 2220 715 2300 expresserit
728 2240 763 2276 ex
777 2219 892 2299 AEsopi,
911 2240 976 2278 non
992 2219 1112 2280 Phaedri

65 2307 191 2383 fabulis3
206 2330 300 2389 quam
311 2313 492 2370 sententiam
506 2309 653 2369 Clrristius
665 2319 781 2381 tuetur,
794 2308 897 2367 nixam
909 2307 1113 2370 fundamento

66 2396 235 2459 admodum
259 2398 394 2474 infirmo,
420 2413 453 2458 ut
479 2397 688 2458 antecedentia
713 2396 831 2456 docent.
855 2396 996 2457 Ceterum
1015 2420 1114 2479 quum

67 2490 202 2546 Asianus
214 2487 348 2561 fabulas,
360 2511 378 2548 a
387 2487 516 2548 Phaedro
524 2485 653 2568 jamjam
665 2486 800 2545 versibus
811 2487 937 2545 senariis
949 2508 1112 2569 expressas,

67 2573 162 2633 nollet
180 2575 283 2634 denuo
303 2575 387 2656 cleqis
408 2573 563 2656 explicare,
586 2577 656 2630 istas
677 2573 817 2633 consulto
840 2595 876 2631 ac
897 2573 999 2633 dedita
1022 2597 1113 2656 opera

66 2662 204 2723 omisisse
216 2665 371 2743 putandus
383 2675 434 2721 est.

105 2751 293 2810 indubitatis
311 2750 460 2811 Martialis
480 2762 509 2810 et
528 2750 637 2810 Aviani
655 2750 693 2808 de
716 2747 843 2808 Phaedro
863 2751 1043 2811 testimoniis
1062 2754 1115 2813 ad·

62 2838 166 2918 jungo
175 2861 313 2898 marmor
324 2853 423 2911 vetus,
434 2838 517 2919 quod
531 2859 565 2896 ex
576 2839 731 2896 Zamoscio
744 2851 893 2895 memorat
905 2839 1052 2899 Gruterus
1059 2841 1115 2919 (3),

64 2926 217 2989 scribens:
233 2955 246 2983 u
255 2928 337 2986 Alba
350 2930 367 2986 J
370 2928 439 2987 uiitc
451 2927 700 3008 (Weissemburgi
713 2926 745 2984 in
757 2928 782 2983 T
784 2927 993 3005 ransylvania)
1008 2930 1116 2988 visitur

103 3134 143 3205 (r)
160 3136 288 3187 Fuuccius
303 3138 328 3186 in
343 3135 418 3208 Apol.
438 3136 572 3208 proPhae-
613 3155 667 3188 sum
690 3133 819 3204 eapliearc
842 3144 960 3190 connum
984 3134 1114 3201 conjicere

66 3215 154 3286 drop.
168 3214 230 3282 159,
240 3216 317 3268 verba
328 3218 421 3268 Ariani
430 3217 461 3267 de
472 3216 509 3268 his
519 3236 572 3266 nun
614 3215 687 3278 iicet,
701 3215 828 3264 Asianum
842 3210 943 3261 fabulas
953 3210 1085 3281 AEsopias,
1101 3232 1115 3264 a

67 3293 136 3346 male
151 3294 263 3365 explicat
277 3311 347 3366 post,
370 3309 399 3348 ut
416 3315 506 3348 seusus
523 3297 571 3347 sit:
613 3292 682 3344 Juiio
703 3292 807 3342 Titiano
827 3309 857 3341 ex
875 3289 970 3341 Graecis
987 3290 1073 3344 Babrii
1088 3293 1116 3344 in

66 3386 130 3449 post
145 3373 203 3424 iilos
217 3375 315 3445 plures,
326 3381 380 3447 jani
395 3390 573 3441 enumeratos,
613 3374 728 3444 linguam
747 3372 852 3423 latinam
870 3390 949 3442 prosa
967 3374 1116 3442 translatas,

68 3461 212 3530 AEsopum,
226 3461 371 3519 Socratem,
383 3459 518 3521 Flaccum,
530 3460 574 3508 tta·
614 3451 879 3523 Elegisexpiicavissc.
887 3452 953 3501 Nam
961 3455 1118 3522 puto,Avia·

67 3538 170 3601 brium,
188 3539 336 3605 Phadrum,
357 3538 389 3589 ad
404 3538 573 3609 quadraginta
614 3552 737 3584 uumtcvo
747 3530 931 3582 Theodosiano
941 3549 994 3581 uon
1005 3551 1060 3584 esse
1071 3552 1117 3584 an·

66 3617 247 3672 etduasedidi
257 3618 365 3670 fabulas.
376 3617 476 3669 Laudat
488 3629 573 3667 autem
614 3616 759 3685 tiquiorem.
778 3613 843 3664 Vide
866 3613 991 3664 Notitiam
1007 3615 1115 3667 Littera·

67 3696 156 3748 Plaut.
167 3695 279 3748 Mosteii.
290 3700 337 3762 lli,
349 3700 380 3763 ll,
392 3700 421 3761 8,
432 3716 484 3748 reon
496 3698 575 3747 bonus
614 3696 679 3744 riam
686 3693 718 3745 de
727 3691 828 3743 Babrio.
841 3693 960 3743 Fortasse
970 3707 996 3743 et
1009 3693 1052 3743 aiii
1061 3696 1117 3746 fue·

67 3789 106 3831 est
124 3794 229 3826 sumnus
247 3775 278 3824 dc
297 3779 420 3847 prandio,
441 3778 456 3826 i.
475 3795 497 3825 e.
515 3788 575 3846 post
615 3789 689 3840 runt,
712 3775 755 3845 qui
777 3774 866 3843 AEsopi
883 3771 985 3824 talmlas
1003 3793 1034 3824 cx
1055 3777 1116 3846 ipsis

63 3856 224 3931 prandium,
242 3858 294 3908 Liv.
312 3860 339 3909 L.
357 3860 389 3922 V,
404 3875 427 3907 c.
440 3856 488 3922 48,
507 3855 575 3905 diem
616 3856 706 3925 AEsopi
716 3852 800 3906 verbis
807 3871 886 3924 prosa
893 3854 984 3903 Latina
994 3856 1118 3924 exprime-

66 3944 102 3994 de
113 3942 158 3992 dic
167 3952 344 4012 prospectans,
357 3942 373 3991 i.
386 3960 408 3990 e.
422 3957 502 3989 uuum
516 3949 577 4007 post
617 3947 687 3999 rent,
705 3932 786 4004 qualis
804 3930 915 4002 exempli
930 3951 1021 3984 caussa
1031 3946 1069 3985 est
1079 3937 1116 3986 fa·

66 4026 184 4079 alterum
194 4023 262 4075 diem
275 4022 450 4095 prospiciens,
463 4031 492 4070 ut
502 4020 575 4070 omit·
616 4013 678 4065 buta
687 4012 720 4064 de
730 4013 828 4066 Cassita
836 4009 908 4081 apud
914 4009 1033 4064 Gellium.
1042 4015 1065 4065 N
1070 4053 1074 4063 .
1083 4016 1113 4063 d.

67 4120 124 4161 tam
138 4103 197 4155 alia.
616 4096 644 4146 L.
657 4097 692 4159 ii,
707 4111 747 4162 29.

105 4184 147 4253 (2)
159 4185 274 4234 ris-ianus
284 4202 364 4255 quum
373 4181 486 4233 scribat:
501 4198 575 4253 quas,
657 4175 697 4245 (3)
715 4177 794 4247 Corp.
815 4175 944 4245 Inscriptt.
969 4192 1028 4243 pag.
1050 4176 1115 4243 898,

64 4266 131 4317 rudi
154 4262 298 4315 Latinitate
316 4261 478 4334 compositas,
501 4258 579 4330 elegis
618 4259 649 4306 n·
668 4254 706 4305 16.
