2820 5018
496 502 560 567 sn
582 501 675 567 nra.
701 504 714 566 1
739 501 833 566 ran.
859 500 907 566 u.
1159 518 1222 606 ⁴97

178 664 242 725 quo
255 660 345 703 sensu
358 660 448 722 oequoe
459 640 531 722 leges
543 640 624 722 apud
639 638 808 699 Phaedrum
820 641 977 721 capiendae
990 644 1058 705 sint.
1078 673 1092 703 ιι
1103 652 1163 732 lbi,
1181 661 1225 716 in.

178 736 255 813 quit,
273 717 345 792 sdue
354 729 418 812 jus,
433 729 480 791 vel
498 744 531 790 ut
545 729 714 789 Aristoteles
730 729 866 809 loquitur
880 731 935 809 (r),
950 733 1047 794 δίκαιον
1063 753 1106 797 est
1120 747 1149 802 τὸ
1167 746 1226 806 isos

178 832 233 891 τοῖς
242 825 324 899 ἴσοις,
335 820 493 903 aequalitas
503 821 582 879 inter
593 819 724 900 aequales
735 842 741 876 :
755 823 782 877 ἀι
792 823 840 900 γὰρ
852 820 1080 904 &spumosum
1089 835 1174 901 roim
1185 837 1227 896 δῦ.

179 921 255 970 xorius
269 911 427 972 didiscistis
445 914 552 971 ἰσότητα
563 912 675 988 μάλιστα
692 911 809 980 niueos,
828 930 842 959 u
853 907 1002 986 civitateS,
1018 933 1088 993 quae
1102 920 1229 1001 popula-

182 1000 257 1058 riter
276 1011 441 1080 reguntur,
462 996 668 1078 aequalitatem
689 997 822 1055 maxime
842 999 985 1056 omnium
1005 1013 1172 1083 captant,'n
1195 1027 1231 1071 ut

180 1084 265 1145 idem
278 1087 322 1145 ait
334 1085 408 1146 alibi
422 1086 472 1163 (a).
483 1083 573 1142 Unde
584 1097 614 1142 et
628 1083 667 1142 ab
680 1082 913 1143 Atheniensibus
925 1089 1120 1151 ostracismus
1133 1115 1233 1179 reper.

182 1188 232 1235 tus
251 1190 311 1250 est,
330 1190 380 1250 ut,
400 1176 454 1255 qui
472 1173 650 1233 antecellere
671 1173 748 1233 alios
766 1173 950 1235 videbantur
967 1178 1014 1237 vel
1035 1183 1162 1262 opibus,
1184 1189 1233 1248 vel

183 1263 304 1336 amicis,
319 1262 367 1323 vel
381 1261 566 1335 honoribus,
584 1260 630 1320 vel
645 1260 706 1319 alia
721 1261 804 1319 civili
817 1262 1000 1337 eminentia,
1017 1265 1052 1341 ii,
1070 1270 1154 1331 velut
1170 1295 1234 1334 mo-

182 1351 318 1412 lestiores
338 1350 529 1432 reipublicae,
551 1349 590 1409 ad
609 1364 730 1430 tempus
747 1365 830 1408 extra
848 1351 1001 1411 civitatem
1015 1356 1233 1436 relegarentur.

183 1440 364 1501 Distinctius
391 1437 447 1497 hoc
472 1438 573 1518 ipsum
596 1436 767 1496 Aristoteles
797 1435 851 1494 lib.
871 1438 911 1495 Vl
944 1440 1074 1521 explicat
1100 1447 1233 1510 Politico·

185 1549 251 1588 rum
265 1527 322 1604 (3),
336 1540 366 1584 et
380 1524 461 1605 quod
472 1524 522 1605 jus
537 1523 693 1604 popularis
704 1523 861 1602 regiminis
875 1525 926 1598 sit,
939 1530 970 1584 τὸ
983 1529 1040 1587 ἴσον
1054 1533 1123 1610 ἔχω
1137 1538 1234 1613 (am.

184 1616 247 1693 τας)
263 1613 318 1672 κατ’
332 1617 450 1694 ἀριθμὸν,
467 1617 532 1670 ἀλλὰ
548 1617 582 1691 μὴ
602 1613 657 1671 κατ’
670 1618 758 1686 ἀξίαν,
775 1632 891 1691 oequnm
907 1611 1011 1673 habere
1024 1639 1158 1697 rtumcro,
1176 1649 1237 1687 non

184 1705 339 1785 (sipiritum,
355 1716 384 1762 et
397 1702 552 1782 quomodo
564 1699 622 1761 hoc
635 1702 823 1774 obtineatur,
839 1715 873 1759 ut
885 1698 1010 1763 honeste
1020 1710 1120 1770 vivere
1131 1733 1236 1777 omnes

187 1813 246 1874 pro
261 1790 389 1850 arbitrio
401 1810 455 1849 suo
470 1790 596 1872 possint.
609 1788 758 1847 Undecim
772 1808 808 1847 eo
823 1789 950 1848 nomine
964 1791 1103 1855 instituta
1116 1819 1240 1862 enume-

188 1894 251 1954 rat,
268 1900 320 1939 seu
335 1881 420 1937 δίκαια
433 1881 573 1958 δημοτικὰ,
589 1898 724 1958 quorum
740 1877 877 1958 primum
891 1890 947 1953 est,
964 1883 1108 1945 omnibus
1124 1889 1240 1951 civibus

190 1980 370 2050 potestatem
390 1965 554 2026 concedere
579 1963 712 2044 eligendi
733 1964 946 2044 magistratum
971 1988 1007 2027 ex
1032 1974 1177 2036 omnibus
1200 1979 1241 2037 ci·

190 2059 276 2117 vium
294 2055 470 2128 ordinibus3
488 2053 636 2126 alterum,
653 2052 798 2110 omnibus
815 2052 932 2113 civibus
944 2053 995 2134 jus
1015 2078 1076 2118 esse
1093 2083 1147 2143 per
1165 2066 1242 2128 vices

191 2148 342 2227 imperare
361 2159 390 2203 et
411 2164 533 2226 parere,
552 2163 615 2222 quo
635 2140 779 2199 omnibus
797 2155 898 2222 pateat
915 2143 1017 2205 aditus
1035 2150 1074 2208 ad
1094 2149 1243 2233 honores3

191 2236 330 2307 tertium,
346 2235 541 2312 magistratus
556 2250 662 2289 omnes
675 2249 740 2287 non
754 2250 807 2310 per
818 2229 981 2311 suffragia,
996 2235 1045 2294 sed
1060 2259 1115 2319 per
1128 2257 1244 2304 sortem

192 2322 316 2402 eligere,
333 2321 460 2401 exceptis
478 2320 527 2393 iis,
546 2319 580 2377 iu
597 2317 709 2398 quihus
723 2315 974 2379 administrandis
991 2323 1153 2405 singularis
1171 2353 1245 2412 pru-

193 2409 296 2470 dentia
314 2426 344 2469 et
359 2408 542 2490 experientia
559 2406 739 2486 requiritur;
755 2420 916 2486 quartum,
934 2409 1035 2470 nullos
1048 2419 1245 2497 magistratus

143 2564 148 2572 ¹
193 2519 230 2558 ex
240 2518 345 2571 censu,
359 2498 416 2556 nisi
427 2496 507 2556 forte
519 2495 690 2555 admodum
702 2494 826 2575 exiguo,
839 2496 932 2555 alicui
943 2497 1141 2581 demandare3
1154 2511 1245 2590 quin.

193 2600 276 2659 tum,
292 2586 414 2645 nullum
429 2586 643 2666 magistratum
658 2581 756 2641 eidem
770 2584 879 2664 saepius
892 2589 1095 2665 committere3
1111 2610 1247 2675 sextum,

195 2676 311 2735 nemini
325 2675 537 2754 magistratum
550 2673 642 2731 nimis
653 2671 706 2730 diu
719 2672 901 2747 concedere,
913 2693 1035 2758 excepto
1046 2679 1169 2761 bellico;
1185 2710 1249 2771 sep-

195 2764 322 2833 timum,
333 2759 448 2838 judices
463 2782 498 2818 ex
511 2759 657 2819 omnibus
670 2758 831 2817 ordinibus
844 2758 990 2840 deligere,
1006 2765 1101 2846 iisque
1115 2785 1247 2851 potesta.

194 2868 258 2912 tem
272 2849 430 2929 judicandi
450 2849 487 2907 de
506 2848 666 2920 omnihus,
687 2860 740 2905 aut
759 2847 864 2907 saltem
883 2849 921 2907 de
936 2854 1126 2931 gravioribus
1142 2861 1248 2938 rebus,

194 2939 341 3007 tribuere,
358 2950 516 3011 octavum,
531 2957 623 3016 penes
634 2936 817 2994 concionem
831 2937 952 3017 populi,
965 2937 1022 2998 hoc
1032 2956 1088 3015 est,
1101 2966 1192 3023 penes
1205 2970 1248 3008 se·

194 3043 322 3102 natum,
335 3026 387 3105 qni
401 3046 436 3084 ex
451 3026 594 3084 universo
609 3023 723 3104 populo
737 3023 848 3083 electus
862 3038 920 3098 est,
933 3046 1087 3088 summam
1101 3052 1163 3092 esse
1176 3057 1247 3096 auc·

196 3120 353 3180 toritatem
368 3114 556 3174 deliberandi
575 3127 604 3172 et
623 3113 806 3173 decernendi
825 3114 863 3173 de
879 3114 968 3175 rebus
984 3120 1193 3198 gravioribus,
1208 3126 1249 3187 ad

197 3206 419 3289 rempublicam
442 3203 682 3284 pertinentibus3
706 3203 809 3263 ceteris
833 3224 905 3262 vero
929 3207 1168 3285 magistratibus
1182 3235 1249 3277 non

198 3297 256 3357 uisi
275 3295 313 3355 de
330 3294 418 3353 rebus
435 3293 609 3351 minoribus
626 3291 739 3372 aliquid
755 3292 908 3351 statuendi
929 3307 1106 3374 potestatem
1123 3305 1248 3381 permit.

199 3401 277 3457 tere3
294 3404 432 3455 nonum,
452 3379 622 3439 mercedem
643 3379 796 3459 aliquam,
813 3381 874 3437 sive
889 3382 1042 3461 sportulas
1058 3384 1132 3446 dare
1147 3395 1250 3452 omni·

199 3475 272 3547 bus,
290 3473 344 3553 qui
362 3470 490 3554 publicis
508 3469 724 3540 concionibus,
735 3467 857 3549 judiciis
874 3483 905 3529 et
918 3469 1190 3541 deliberationibus
1205 3483 1250 3544 iu·

199 3574 332 3634 tersunt,
351 3573 439 3620 uteo
458 3558 681 3639 frequentiores
699 3558 900 3629 conveniant;
918 3559 1086 3638 decimum,
1108 3564 1250 3631 homines

202 3649 364 3722 obscuros,
384 3647 547 3730 ignobiles,
568 3668 731 3729 pauperes,
749 3661 779 3705 et
799 3646 918 3706 sordida
939 3648 1061 3730 opificia
1082 3673 1250 3720 exercentes

204 3756 271 3797 nou
285 3736 376 3816 plane
394 3759 412 3795 a
430 3737 558 3817 publicis
576 3734 746 3795 honoribus
765 3750 793 3795 et
809 3735 920 3796 officiis
936 3740 1107 3815 excludere,
1127 3745 1250 3807 undeci-

204 3846 294 3887 mum
312 3825 458 3907 denique,
479 3827 601 3887 nullum
620 3828 830 3908 magistratum
845 3827 954 3888 debere
968 3851 1029 3890 esse
1048 3847 1250 3914 perpetuum:

204 3917 247 3976 sic
261 3915 343 3973 enim
357 3914 458 3995 plures
472 3917 509 3975 ad
526 3918 596 3977 istos
611 3915 743 3977 honores
759 3930 905 3997 poterunt
919 3922 1091 3998 pervenire,
1106 3938 1136 3981 et
1149 3926 1251 4003 praeci·

204 4005 295 4062 detur
312 4004 362 4077 iis,
381 4005 433 4083 qui
450 4007 662 4084 magistratum
679 4005 812 4085 aliquem
828 4020 953 4085 gerunt,
968 4012 1101 4083 occasio,
1119 4013 1250 4070 auctori·

242 4127 282 4195 (ι)
293 4124 367 4176 Polit.
382 4125 426 4177 lib.
440 4130 486 4191 lll,
496 4149 518 4178 c.
532 4147 557 4198 9.

243 4204 282 4274 (a)
294 4203 369 4256 Polit.
383 4207 430 4270 lll,
448 4207 492 4267 133
506 4206 550 4258 lib.
564 4209 611 4269 lll,
624 4227 646 4256 e.
662 4225 692 4276 9,
704 4225 763 4278 pag.
782 4225 838 4276 19⁰.

242 4283 514 4354 <oceano-³90-
