2820 5018
563 426 826 490 onerario
1183 429 1212 518 xj

175 565 358 638 eordantur
369 587 473 656 certe,
487 566 546 663 qui
560 585 729 635 noverum
740 570 750 656 (
761 569 806 656 r),
818 563 893 633 illos
904 583 1056 660 pacatos,
1067 565 1214 655 sedatos,
1267 604 1271 621 ι

176 707 287 775 graves
303 708 479 752 sermones
496 682 584 781 ejus,
604 681 731 751 hilares
747 680 853 749 etiam
871 678 1073 769 interdum,
1089 702 1121 751 et
1140 681 1217 754 dul·

175 821 241 882 ees,
265 817 297 866 et
318 796 477 893 quamvis
494 822 661 893 respersos
679 793 822 883 salibus,
843 819 978 890 semper
996 814 1113 865 tomen
1132 822 1218 866 vere·

176 910 323 998 cundos,
340 910 514 1008 simplices
531 938 677 1009 semper.
698 910 815 998 Quam
831 909 1023 998 moderate,
1037 936 1143 1006 quam
1161 913 1216 1010 pie

176 1043 205 1092 et
215 1023 386 1122 religiose,
402 1052 508 1123 quam
522 1025 710 1095 christiano
723 1024 842 1094 animo
860 1022 1015 1094 adversas
1030 1050 1083 1094 res
1098 1045 1216 1122 pertu-

174 1135 264 1228 lerit,
280 1139 324 1210 de
342 1143 501 1212 societate
518 1143 622 1228 Just),
647 1140 689 1210 de
707 1138 806 1209 solito
823 1138 1010 1238 regimine,
1030 1137 1073 1209 de
1090 1139 1215 1236 patria,

174 1249 213 1322 de
225 1253 348 1341 studiis
359 1254 526 1355 dejectus,
541 1254 648 1325 lidem
661 1253 794 1324 faciunt
804 1252 984 1350 sequentia
996 1251 1115 1323 verba:
1134 1285 1147 1316 α
1159 1279 1217 1324 an·

175 1392 258 1437 num
275 1368 352 1467 jam
373 1389 451 1439 ante
473 1367 579 1467 hujus
601 1366 707 1439 seculi
738 1367 866 1462 (seculi
889 1369 1026 1461 XVlIl)
1048 1369 1216 1467 sexagesi-

176 1507 273 1552 mum
302 1482 553 1580 disputationes
577 1482 712 1554 devita
737 1483 938 1581 scriptisque
958 1482 1111 1574 Phaedri,
1134 1512 1216 1557 cura

174 1597 337 1693 pertinaci
349 1624 388 1667 ac
400 1597 517 1669 labore
529 1599 635 1696 longo
648 1598 837 1686 institutas,
851 1599 1084 1689 confeceram,
1098 1599 1215 1671 simul-

175 1737 239 1808 que
256 1712 525 1784 commentarios
540 1713 584 1783 ad
600 1713 705 1810 ipsius
719 1713 861 1785 fabellas
875 1711 1067 1813 adjeceram
1081 1715 1216 1814 amplis·

175 1822 298 1909 simos3
323 1845 356 1894 et
378 1823 443 1895 ista
464 1825 567 1896 etiam
593 1826 727 1914 omnia,
752 1825 796 1895 ab
819 1824 1024 1899 bominibus
1046 1830 1216 1902 societatis
1248 1862 1250 1872 ¹

175 1939 259 2009 JEsu
281 1936 421 2008 eruditis
442 1939 645 2036 approbata,
669 1937 876 2035 typographi
898 1939 1031 2034 aliquot
1049 1943 1216 2037 parisien-

174 2077 239 2138 ses,
265 2049 330 2121 sub
347 2052 509 2150 auspiciis
525 2049 747 2120 illustrissimi
765 2048 898 2118 domini
918 2052 959 2120 dc
976 2051 1216 2143 Malerberbes,

175 2166 207 2235 in
245 2166 361 2237 lucem
396 2165 585 2238 emittenda
618 2164 797 2263 publicam
831 2187 1068 2263 susceperant;
1103 2195 1215 2266 quum

175 2282 401 2379 inexspectata
420 2281 595 2353 calamitas
614 2281 657 2352 de
679 2281 767 2352 meis
790 2309 847 2353 me
866 2281 987 2353 studiis
1006 2283 1143 2381 dejecit,
1161 2312 1215 2356 se-

176 2393 323 2491 demque
338 2396 431 2493 apud
449 2415 578 2467 exteros
595 2421 746 2490 quaerere
762 2396 879 2492 coegit.
895 2431 908 2458 o

220 2511 466 2609 Francogallus
478 2511 705 2609 Francogallo
721 2509 763 2582 de
780 2512 899 2583 litteris
912 2513 1002 2584 bene
1016 2516 1137 2586 merito
1153 2516 1216 2587 de·

174 2622 284 2695 bitum
298 2624 423 2696 exsolvi
434 2624 581 2718 laudum
594 2625 759 2721 vectigal,
776 2624 894 2695 litteris
909 2614 1059 2713 deditus,
1074 2656 1145 2699 uon
1159 2657 1216 2725 po-

175 2761 282 2814 teram
301 2767 372 2810 non
392 2767 449 2810 eos
468 2740 640 2810 reminisci
662 2740 752 2826 dies,
774 2741 808 2810 in
832 2741 959 2838 quibus
983 2742 1071 2811 mibi
1095 2770 1216 2816 musa-

177 2882 251 2926 rum
262 2854 371 2926 limen
388 2856 513 2926 intrare
525 2855 677 2953 cupienti
691 2855 898 2927 benevolam
909 2855 1133 2953 protendebat
1147 2885 1218 2930 ma·

176 2996 260 3040 num
277 2969 530 3056 Desbillonius,
548 2995 604 3040 me
625 2969 810 3039 nominans
829 2997 908 3039 curn
923 2969 1026 3040 laude
1043 2992 1217 3066 auctorem

176 3083 338 3155 orationis
355 3083 467 3153 latinae
487 3110 506 3152 a
528 3110 583 3152 me
599 3104 681 3154 tunc
699 3083 864 3180 temporis
878 3081 1004 3153 habitae
1020 3085 1057 3153 in
1078 3084 1218 3155 univer-

176 3200 268 3271 sitate
287 3199 482 3296 parisiensi,
501 3220 534 3269 et
549 3199 705 3296 opusculi
722 3198 831 3295 quod,
850 3225 966 3269 recens
984 3227 1004 3269 a
1020 3199 1161 3286 scholis,
1180 3201 1216 3272 in

176 3317 297 3414 vulgus
314 3315 423 3402 edidi,
440 3335 472 3385 et
487 3316 541 3384 cui
561 3315 696 3403 titulus,
715 3314 898 3412 Dioloques
913 3316 966 3385 des
984 3316 1106 3400 Mons,
1123 3335 1185 3386 cte.

223 3431 438 3519 Schwabius,
458 3431 492 3499 in
512 3430 579 3500 vita
599 3429 750 3517 Phaedri,
775 3430 810 3499 in
830 3430 929 3499 variis
947 3428 1160 3517 excursibus,
1183 3432 1219 3500 in

177 3545 300 3618 Notitia
317 3545 483 3617 litteraria
502 3544 544 3614 ad
566 3544 823 3615 Desbillonium
840 3545 964 3643 saepius
983 3545 1145 3616 lectorem
1166 3572 1220 3617 re-

178 3680 279 3730 vocat.
304 3659 428 3756 Operae
452 3659 555 3755 igitur
579 3658 729 3755 pretium
750 3659 823 3729 fore
841 3658 1021 3746 duximus,
1043 3659 1070 3728 si
1095 3681 1219 3731 nostrae
1266 3742 1271 3763 '

180 3772 257 3842 huic
281 3771 426 3843 editioni
449 3773 676 3843 insereremus
704 3771 797 3842 illius
825 3772 1090 3869 disputationes,
1119 3785 1149 3842 1⁰
1174 3774 1217 3843 de

182 3889 246 3960 rita
264 3888 397 3960 Phaedri
412 3892 479 3983 (2),
504 3906 538 3958 2⁰
559 3889 602 3959 de
621 3887 748 3959 fabulis
766 3888 940 3988 ejusdem,
966 3892 999 3958 3⁰
1020 3890 1061 3958 de
1080 3888 1218 3959 fabula·

214 4056 250 4124 (r)
264 4057 290 4108 11
300 4069 404 4109 monuit
416 4056 440 4106 lc
456 4075 486 4124 ¹9
501 4076 568 4108 mors
585 4058 657 4125 1789.
673 4057 774 4126 (biogr.
790 4055 888 4124 blieh.)

217 4137 253 4203 (a)
264 4137 328 4187 Vide
342 4140 401 4187 infr.
416 4139 446 4186 T.
462 4139 486 4200 l,
503 4158 528 4208 p.
545 4139 592 4191 155
607 4157 643 4206 sq.
832 4157 833 4160 ¹
