2820 5018
386 477 691 546 nrsrurarto
713 481 762 546 u.
797 462 800 467 ’
1036 484 1093 558 aa
1125 502 1127 506 ·

50 637 124 679 mm
141 614 308 678 bominum
326 617 483 698 suffragiis
501 630 531 677 et
549 617 737 678 editionibus
751 633 781 680 et
795 627 1022 687 commentariis
1040 628 1097 688 rite

51 708 192 766 munitus
210 705 356 767 Plroedrus
375 707 413 765 ad
433 726 552 766 annum
571 706 662 767 seculi
681 710 821 789 proxime
839 713 1003 792 superioris
1019 715 1098 775 deci-

52 814 141 853 mum
153 814 274 853 nonum
284 807 477 877 pervenerat3
488 813 585 874 quum
593 794 698 853 Petrus
708 796 882 871 Scriverius,
891 800 938 858 vir
947 801 1026 860 inter
1034 803 1100 861 Cri-

52 881 132 940 ticos
141 880 222 940 olim
235 879 375 953 celebris,
397 900 503 938 vocem
518 879 550 937 in
565 880 626 938 suis
643 881 842 942 Animadverti.
863 884 904 943 ad
915 887 1097 965 Manciam,

53 966 110 1026 lib.
124 967 179 1040 tlt,
190 967 294 1049 Epigr.
309 989 356 1041 ao,
369 968 440 1027 satis
453 966 631 1048 superbam,
643 989 701 1049 pro
716 969 858 1051 imperio,
872 974 973 1034 emisit
982 997 990 1049 3
999 973 1102 1056 jussit-

54 1076 117 1137 que
129 1054 236 1116 baberi
251 1057 299 1116 vel
311 1057 436 1117 insanos
444 1055 579 1137 judices,
594 1056 641 1116 vel
656 1073 820 1138 nugatores
835 1063 964 1139 otiosos,
979 1067 1032 1146 qui
1047 1067 1100 1127 ad·

54 1144 222 1204 scriberent
235 1146 360 1205 Auctori
376 1160 482 1204 nostro
496 1143 633 1218 fabulas,
653 1165 721 1226 quae
740 1146 797 1205 sub
816 1145 880 1229 ejus
899 1153 1027 1212 nomine
1045 1155 1102 1214 cir·

53 1232 280 1293 cumleruntur.
291 1235 458 1293 Hominem
470 1235 502 1292 in
513 1231 593 1293 hanc
602 1235 782 1293 senteutiam
794 1238 994 1320 perpulerunt
1003 1262 1099 1322 quum

56 1321 192 1379 rationes
211 1322 318 1396 variar,
337 1343 412 1402 quas
431 1321 464 1379 in
483 1319 568 1380 aliud
587 1335 708 1404 tempus
723 1321 848 1384 differre
863 1345 895 1385 se
910 1326 1000 1402 dixit,
1021 1349 1102 1390 nun·

56 1427 152 1486 quam
163 1421 265 1468 autem
278 1408 421 1491 protulit,
433 1422 500 1468 tum
512 1430 547 1468 ea
558 1409 769 1490 potissimum,
783 1431 875 1492 quam
888 1415 967 1473 eruit
978 1436 1015 1474 ex
1029 1416 1103 1476 Cor·

57 1496 195 1576 nucopia
204 1498 258 1577 (r),
274 1499 337 1557 sive
356 1496 394 1556 ad
412 1496 585 1556 Martialem
602 1495 833 1557 Commentario
852 1499 971 1560 Nicolai
988 1503 1102 1563 Perotti

55 1577 285 1665 Arcbiepistnpi
303 1583 467 1666 Sipuutini.
491 1585 519 1643 ls
537 1583 620 1643 enim
639 1583 677 1642 ad
700 1584 899 1666 Epigramma
918 1586 990 1648 libri
1011 1589 1103 1671 primi

56 1671 317 1750 septuagesimum
336 1672 513 1754 septimum,
534 1669 616 1752 quod
633 1672 834 1730 centesimum
850 1673 995 1754 quintum
1009 1690 1052 1736 est
1070 1677 1103 1735 in

58 1755 272 1839 Cornucopia,
281 1760 324 1818 sic
336 1758 489 1840 loquitur:
505 1755 608 1817 Attusa
617 1757 797 1837 (Martialis)
807 1758 1005 1841 adsabalam,
1015 1782 1105 1844 quam

58 1862 113 1901 nos
123 1864 160 1903 ex
170 1846 282 1905 Avieno
289 1849 330 1926 (a)
342 1844 505 1929 infabellas
519 1857 630 1904 nostrus
640 1843 829 1903 adolescentes
843 1845 965 1907 iambico
976 1852 1105 1909 carmine

58 1931 276 1994 transtulimus:
293 1950 323 1995 et
341 1934 420 2016 banc
435 1933 573 1995 fabulam
587 1932 693 2007 refert,
707 1953 777 2014 quer
791 1935 858 2037 ipsa
871 1933 992 1996 Pbaedri
1008 1937 1045 1998 de
1059 1959 1105 1998 ar·

59 2018 191 2081 boribus
205 2024 238 2082 in
253 2024 347 2084 tutela
359 2026 497 2084 Deorum
512 2021 619 2082 fabula
635 2035 679 2081 eat
693 2021 778 2080 Libri
791 2023 874 2080 tertii
886 2021 1005 2084 decima
1018 2028 1108 2109 septi·

60 2127 130 2166 ma:
158 2110 218 2169 uisi
242 2111 326 2193 quod
352 2112 403 2171 ille
425 2111 571 2171 ultimum
593 2128 714 2169 vertum
736 2108 854 2183 omisit,
874 2111 1059 2194 tertiumque
1079 2127 1109 2173 et

60 2214 209 2279 quartum
220 2215 251 2260 et
264 2216 407 2262 octavum
419 2214 451 2261 et
464 2220 584 2260 nouum
597 2198 692 2281 paulo
705 2197 805 2274 aliter,
821 2220 855 2258 ac
867 2197 1014 2261 Phaedrus
1025 2222 1110 2264 com·

61 2286 177 2366 posuit.
192 2287 249 2346 llis
264 2288 484 2349 animadversis
496 2285 659 2348 Scriverius
672 2283 816 2359 fabellas,
829 2304 899 2367 quar
914 2284 1036 2348 Phaedri
1048 2310 1111 2351 esse

62 2369 246 2448 creduntur,
258 2376 297 2434 ab
310 2376 377 2458 ipso
390 2375 481 2457 plane
492 2371 694 2454 abjudicavit,
706 2393 875 2454 verumque
886 2375 1001 2434 Perotti
1012 2375 1110 2437 fetum

62 2478 127 2520 etse
146 2461 293 2522 credidit:
311 2477 343 2523 at
356 2477 473 2546 quanto
488 2461 655 2545 proclivius
669 2472 699 2519 et
712 2460 779 2520 rim
791 2461 894 2542 sagaci
907 2462 1033 2544 dignius
1050 2464 1111 2524 fuit

63 2562 188 2631 putare,
199 2551 235 2611 in
246 2574 357 2613 manus
369 2553 483 2613 Perotti
496 2552 612 2610 venisse
625 2550 781 2632 exemplar
792 2550 920 2634 aliquod
931 2551 1110 2615 fabularum

65 2637 206 2716 Phaedri,
218 2663 294 2724 quas
309 2642 360 2703 ille
373 2663 430 2724 pro
443 2641 504 2701 suis
518 2637 674 2699 venditare
686 2639 850 2699 voluisset?

106 2727 144 2787 lu
157 2728 219 2789 boc
231 2731 356 2811 quidem
372 2731 486 2789 Perotti
499 2728 731 2788 Commentario
749 2726 868 2786 lurtum
882 2727 947 2809 ejus
967 2730 1112 2791 manifes-
1199 2750 1201 2754 “

67 2831 138 2876 tum
151 2815 397 2899 deprehenditur.
412 2817 468 2877 Sed
487 2837 570 2876 anno
592 2813 684 2894 hujus
704 2813 797 2875 seculi
817 2817 965 2895 vigesimo
983 2821 1113 2899 septimo

68 2905 221 2966 scribebat
231 2909 295 2969 Jac.
308 2906 389 2967 Phil.
402 2906 584 2979 Dorvillius,
598 2926 628 2963 se
640 2905 784 2987 reperisse
797 2904 831 2962 in
846 2906 935 2964 ltalia
949 2906 1114 2987 quemdam

70 2995 170 3077 ipsius
182 2994 340 3072 Codicem,
354 2999 388 3056 in
400 3016 492 3078 quem
504 2995 625 3054 fabulas
638 2994 739 3053 omnis
751 2992 869 3074 generis
882 2995 1018 3076 AEsopias
1030 2992 1117 3053 Phae-

69 3084 118 3144 dri
138 3097 170 3145 et
188 3087 294 3147 Avieni
315 3101 346 3147 et
363 3107 447 3160 suas,
466 3105 532 3144 non
549 3103 614 3143 uno
628 3083 773 3141 carminis
788 3101 911 3162 genere,
931 3083 1117 3144 connrlisset.

69 3175 176 3252 Quum
189 3191 291 3237 autem
306 3176 358 3237 ille
370 3178 403 3235 in
415 3173 600 3234 Praefatione
614 3172 712 3231 dicat:

214 3301 276 3352 Non
286 3316 345 3353 sunt
354 3299 381 3352 bi
391 3301 455 3364 mei,
466 3316 532 3370 quoa
542 3310 633 3367 putas,
644 3294 774 3359 versiculi,

215 3380 267 3433 Sed
276 3384 365 3453 AEsopi
374 3393 434 3434 sunt
444 3394 469 3432 et
479 3379 570 3430 Avieni
579 3390 605 3429 et
614 3376 726 3437 Phaedri,

69 3499 134 3580 jam
150 3521 219 3561 uon
234 3501 409 3561 interlucet
423 3500 566 3560 librarios
580 3495 781 3557 recensendus
794 3511 847 3556 est.

112 3589 210 3666 Quod
230 3609 303 3649 vero
324 3587 486 3649 crediderit
504 3586 685 3657 Scriverius,
706 3583 804 3644 fetum
823 3603 886 3643 esse
904 3603 969 3642 nou
986 3582 1125 3663 Phaedri,

75 3676 126 3735 sed
139 3678 272 3751 Perotti,
287 3676 428 3737 fabulam
443 3675 480 3734 de
495 3672 678 3744 Arboribus;
691 3671 770 3731 illud
784 3692 882 3744 nunc,
897 3669 1126 3753 repertohujus

111 3849 152 3921 (ι)
167 3849 308 3917 Quoddam
322 3864 361 3903 est
374 3850 519 3903 latinitatis
533 3867 581 3919 pe·
622 3851 656 3899 ris
668 3859 790 3910 mortem,
806 3864 862 3916 quse
876 3863 945 3896 anno
964 3842 1127 3908 14800011ίὶ-

79 3947 140 3992 uua,
164 3931 218 3980 sire
238 3930 365 3997 lexicon,
387 3928 459 4002 quod
479 3927 583 3999 quidem
622 3928 673 3998 git,
694 3923 791 3977 edituro
809 3937 848 3976 est
870 3920 976 3974 iis-totto
997 3924 1127 3984 venetiis,

82 4004 135 4071 ille,
153 4023 235 4079 quum
251 4007 471 4079 archiepiscopus
486 4009 585 4058 interea
624 4005 738 4068 Parisiis,
751 4002 868 4068 basilea,
884 4013 910 4054 et
921 3999 982 4053 alibi
994 4002 1094 4071 sepius.

84 4102 183 4140 matus
197 4103 278 4155 esset,
291 4089 396 4160 vulgare
408 4087 511 4140 embuit
522 4105 585 4157 pro·
659 4081 699 4153 (a)
712 4083 782 4133 luter
791 4079 893 4135 fabular
904 4080 997 4132 Avieni
1007 4077 1061 4129 boec
1073 4094 1129 4128 non

87 4180 142 4237 pler
158 4169 302 4224 tarditatem
324 4169 452 4235 sordium,
476 4187 531 4239 quse
549 4165 586 4217 ibi
627 4162 761 4234 reperitur.

91 4249 262 4320 aplicantnr:
275 4249 322 4303 sed
335 4268 402 4322 opus
415 4261 476 4321 post
489 4248 590 4299 Aucto·
663 4242 695 4291 V.
706 4237 806 4290 l’lroedri
815 4235 895 4295 Fabb.
910 4236 966 4306 bip.
981 4231 1056 4305 1784.
1071 4231 1133 4302 (lb)
