2820 5018
496 486 643 572 nint,
668 494 763 557 ren.
788 496 910 559 xvrr.
1162 495 1226 585 395

181 628 275 705 Huc,
290 631 409 719 inquit,
423 654 548 697 memes
562 633 684 698 fraudis
696 657 715 697 a
727 632 860 721 Superis
872 634 978 699 datur.

179 814 202 856 t‘n
208 815 279 875 foveo
294 811 379 878 lupum.
391 817 444 862 vid.
460 819 514 864 Not.
529 815 651 864 Scbeffcri.
662 818 731 864 Unde
744 820 850 865 Heinsius
865 820 996 865 emendavit
1009 818 1098 873 bidens,
1111 821 1149 865 cui
1164 819 1233 877 igitur

180 885 271 943 egregie
284 883 354 944 hujus
366 883 409 932 loci
422 888 539 933 restitutio
548 886 655 934 debetur.
668 889 811 934 Permutatio
823 891 885 934 enlm
896 888 1024 934 litterarum
1038 889 1059 933 b.
1073 900 1096 932 et
1108 905 1128 931 υ.
1141 886 1232 933 sollem-

177 953 222 998 nis.
235 954 261 996 tt>
273 954 359 1000 Schel'i.
371 969 393 1002 et
403 959 481 1003 Bncm.
492 958 555 1003 MSS.
567 957 626 1002 Pith.
639 961 704 1003 lieni.
715 971 737 1004 et
747 962 828 1020 priscae
835 959 903 1006 Editt.
917 960 985 1005 etiam
996 960 1070 1004 Urein.
1082 956 1166 1004 hubent
1175 961 1233 1010 ovis,

176 1020 314 1067 inconcinna
327 1027 473 1087 repetitione.
487 1024 550 1070 Male
562 1025 636 1072 Bentl.
650 1025 673 1073 b.
687 1042 709 1072 r.
721 1029 752 1072 ita
762 1031 887 1089 expressit:
901 1030 968 1073 Forte
978 1032 1120 1092 etjoccntem
1134 1027 1233 1090 insonet:

177 1100 295 1155 conspexit
305 1093 391 1156 lupum.
406 1099 462 1141 Nam
474 1099 497 1141 in
508 1096 566 1143 cod.
580 1096 639 1143 Pith.
653 1110 688 1145 cit
699 1101 814 1162 competit
819 1118 829 1155 ,·
839 1110 862 1145 at
874 1101 897 1145 in
909 1101 974 1146 lieni.
987 1112 1011 1146 et
1022 1100 1070 1146 tts.
1085 1097 1172 1146 ueniet.
1182 1113 1233 1161 pm-

175 1168 264 1223 spcxit,
283 1166 348 1226 qnod
364 1168 448 1212 rectius
465 1170 586 1214 retinetur.
598 1170 649 1215 vid.
667 1173 721 1216 Not.
739 1172 860 1232 Conspexit
877 1183 953 1217 temen
971 1170 1094 1217 ediderunt
1110 1166 1191 1230 Rigelt.
1209 1170 1233 1215 in

176 1232 239 1278 Edit.
254 1250 275 1279 u.
290 1234 394 1281 Nevclct.
406 1237 487 1282 Ursin.
500 1238 586 1287 Funcc.
599 1239 768 1298 ventitantes,
781 1240 873 1287 Pettclt.
883 1242 992 1288 Ilidotus.
1007 1242 1035 1286 At
1044 1237 1232 1301 Cuninghnmus:

177 1302 280 1365 ntsovca
292 1311 409 1368 conspexit
421 1306 437 1352 l.
449 1334 480 1343 -
491 1324 515 1369 9.
529 1310 716 1372 Cuuiuphemns:
729 1312 784 1360 Hoee
798 1314 813 1360 i.
820 1312 905 1374 smodi
915 1328 945 1359 m.
958 1313 987 1359 ab
998 1313 1023 1358 S.
1036 1312 1060 1358 d.

178 1462 316 1531 interjecto
325 1462 356 1527 d,
369 1465 576 1520 antedentibns.
585 1469 643 1521 Vid.
652 1470 684 1522 G.
727 1470 861 1540 quomodo
885 1473 940 1523 ovis
966 1470 1059 1542 procul
1079 1469 1165 1522 videre
1187 1487 1233 1539 po·

177 1542 265 1594 Vossii
283 1543 388 1614 etymol.
411 1545 460 1618 G.]
480 1579 515 1588 -
524 1548 615 1618 fovee.
639 1551 687 1603 So-
726 1564 793 1601 terat
815 1549 921 1622 lupum,
939 1553 1070 1620 jacentem
1091 1554 1118 1602 in
1139 1550 1234 1602 fovee?

176 1619 271 1674 lebant
289 1638 387 1677 veteres
406 1625 474 1698 lupis
492 1629 627 1699 capiendis
645 1631 687 1680 io-
726 1630 1105 1703 lteqnentapisplccent‚qnte
1115 1630 1235 1683 Scheffe-

176 1701 241 1755 dere
260 1705 362 1770 loreas,
384 1723 449 1777 ques
469 1708 564 1761 fronde
580 1710 687 1782 obtepe-
726 1726 770 1761 rus
791 1722 884 1761 notet:
909 1734 919 1757 ι
927 1711 1051 1782 prospicit
1068 1710 1233 1760 Latinissirne

177 1781 258 1851 bant,
269 1789 342 1856 qnnsi
350 1783 462 1839 solidum
473 1787 613 1851 illicesset;
625 1789 684 1842 dein
727 1801 753 1838 et
759 1786 958 1859 elegentissime,
965 1789 1009 1858 qui
1018 1804 1048 1839 en
1056 1787 1166 1838 editiore
1172 1784 1232 1838 loeo

176 1875 251 1914 trans
263 1865 364 1917 foveam
377 1884 476 1937 ponere
487 1867 531 1936 (et
543 1869 686 1940 suspende·
725 1868 808 1936 vergit
820 1864 912 1918 oculos
923 1869 950 1918 in
962 1865 1166 1937 depressiorem,
1177 1886 1187 1909 ι
1203 1878 1233 1915 ut

175 1942 225 2009 re)
237 1962 311 1995 overn
322 1942 379 2013 (vel
391 1943 536 1999 clamosum
548 1946 620 2001 aliud
632 1952 686 2000 nni·
726 1948 802 1997 eriam
812 1935 934 1998 Heinsius
944 1947 1129 2016 interpretatus
1137 1955 1175 1995 est
1183 1943 1231 2012 Ep.

177 2020 263 2093 mel),
278 2043 329 2095 qua
342 2038 466 2095 tanquam
479 2024 601 2079 illecebra
614 2025 685 2081 solli·
726 2027 758 2096 73
775 2026 807 2079 ad
821 2025 948 2080 Scheffer.
961 2026 1001 2077 cf.
1017 2025 1159 2076 Burmanni
1174 2021 1232 2095 Syl-

176 2102 304 2154 cituretur
321 2102 413 2175 lupus,
435 2120 460 2157 ct
479 2106 542 2158 duur
561 2105 612 2176 (ad
630 2111 685 2161 ovis
725 2102 778 2176 lug.
790 2108 856 2178 Epp.
869 2107 900 2157 T.
914 2108 946 2171 V,
957 2125 983 2176 p.
999 2104 1046 2169 8²,
1059 2102 1155 2174 quibus
1165 2098 1233 2153 udde

175 2179 314 2256 balatum)
327 2200 499 2257 approperat,
512 2188 685 2260 precipitem
724 2184 770 2236 lib.
785 2187 821 2250 ΙΙ,
835 2184 889 2236 inb.
904 2186 937 2250 V,
956 2200 1004 2250 no,
1019 2197 1044 2234 ct
1059 2180 1105 2233 lib.
1123 2182 1160 2246 ΙΙ,
1178 2179 1231 2230 feb.

177 2265 207 2315 in
230 2264 334 2317 fossam.
357 2266 400 2317 Sil.
424 2265 479 2318 ltul.
501 2267 546 2320 lib.
567 2270 601 2319 vt
619 2271 683 2321 Pnn.
725 2267 769 2332 tV,
783 2264 931 2319 retient.
945 2265 1017 2316 Praet.
1032 2261 1077 2314 lib.
1092 2263 1127 2327 ΙΙ,
1142 2261 1233 2311 quu-

177 2341 234 2412 329
247 2361 302 2414 sqq.
318 2344 350 2395 Et
362 2345 490 2415 ejusmodi
503 2347 584 2399 fovete
596 2351 685 2400 merni-
724 2345 844 2418 troplib,
855 2357 1045 2418 «prospectent
1053 2340 1156 2413 Pephite
1164 2337 1237 2391 celtu·

178 2424 221 2473 nit
241 2422 361 2477 l‘hn'drns
383 2425 428 2477 lib.
450 2428 498 2492 itt,
519 2429 573 2480 fab.
598 2430 634 2496 ΙΙ,
660 2446 683 2480 2.
725 2427 759 2480 de
779 2446 845 2499 rupe
872 2425 1003 2500 puellae‚·
1029 2423 1132 2495 elinque
1158 2420 1232 2486 loca,

180 2505 295 2556 Gronov.
308 2506 347 2557 De
357 2506 539 2560 iisvideetiem
546 2507 683 2562 Claudinn.
725 2504 861 2559 Sobeflero
875 2504 992 2557 laudate.
1005 2505 1073 2554 Nam
1082 2499 1190 2571 jacebat
1204 2501 1231 2551 in

178 2585 229 2647 ΙΙΙ,
243 2583 276 2636 de
290 2587 371 2639 Laud.
387 2588 441 2640 Stil.
456 2589 509 2660 339
521 2607 577 2662 sqq.
593 2590 640 2641 nbi
652 2590 685 2643 de
723 2589 803 2640 foves
822 2585 899 2659 lupus
920 2601 946 2640 et
966 2586 1026 2638 ideo
1049 2581 1126 2635 eltior
1147 2580 1234 2633 stabnt

175 2664 300 2718 leonibus
319 2671 384 2738 egit,
407 2669 440 2720 ad
455 2688 533 2740 quem
549 2668 649 2737 locunt,
670 2688 684 2721 e
726 2670 789 2720 oris.
802 2667 886 2718 faber
897 2668 976 2737 igitur
986 2664 1013 2716 h.
1028 2663 1045 2715 Ι.
1059 2682 1113 2715 non
1124 2661 1232 2713 audien·

176 2746 331 2798 Burrnnnno
352 2749 522 2817 productum,
543 2768 566 2801 v.
591 2753 688 2804 Gesner
725 2747 782 2800 dus.
794 2748 916 2799 Ceterum
926 2764 981 2798 uon
990 2758 1109 2798 mortuns
1119 2752 1175 2794 erat
1186 2743 1234 2791 Ln-

176 2838 207 2877 ct
219 2826 305 2876 Barth.
317 2828 366 2878 (tui
377 2827 443 2879 addc
455 2832 517 2881 lior.
529 2832 554 2893 Ι,
566 2832 614 2902 Ep.
627 2848 685 2897 xvi,
725 2846 790 2900 pus,
809 2841 838 2879 ut
855 2840 981 2898 ceperunt
995 2826 1106 2876 Albinus
1122 2835 1149 2872 et
1165 2819 1232 2872 Ilub.

176 2902 229 2965 50,
255 2905 377 2955 «Cautus
400 2910 490 2958 metuit
512 2910 615 2960 foveam
635 2910 686 2961 Lu·
727 2899 1233 2975 Preuott,Gallicilnter-pretes,seddc-

174 2998 240 3055 pus.
253 3005 264 3025 ι
278 3013 312 3021 -
323 2982 366 3055 [in
376 2984 471 3055 socco,
481 2987 547 3037 dens
558 3007 592 3037 un
600 2989 685 3058 fosse.-
727 2986 815 3060 lepsns
832 3002 858 3039 et
876 2999 977 3059 ceptus.
997 2987 1050 3035 Fac
1068 2983 1138 3034 enirn
1157 2997 1233 3032 secus

176 3066 219 3116 sic
229 3065 687 3135 nos,pessimevertebemus.l⁷ertns
727 3070 821 3133 fuisse,
840 3069 909 3138 perit
925 3066 1010 3115 omnis
1026 3062 1089 3113 dicti
1106 3058 1235 3130 elegantia

176 3145 293 3207 rectius,
316 3143 381 3195 dens
400 3162 451 3194 unc
466 3144 552 3214 fosse.-
573 3164 688 3218 nemque
728 3149 761 3210 V,
771 3164 801 3215 9,
812 3144 883 3216 ‹prod
893 3143 961 3194 bene
971 3142 1137 3193 observatum
1148 3134 1237 3190 Schei-

180 3225 269 3294 agitur
284 3222 316 3273 de
332 3223 395 3294 lupo
407 3223 516 3296 delapso
531 3228 557 3276 in
572 3226 688 3293 foveam,
728 3226 793 3275 fero.
819 3253 855 3262 -
880 3218 1043 3293 [conspexit.
1070 3217 1235 3269 Burmannus

180 3307 210 3355 in
225 3322 276 3375 qua
290 3307 402 3356 irretitus·
415 3303 511 3377 laqueo
526 3303 629 3359 sceleris
642 3306 690 3359 luit
729 3297 938 3374 vultpcospcxit(
947 3298 1018 3370 qnod
1027 3297 1129 3348 admisit
1136 3294 1237 3347 Phndri

181 3400 304 3454 poennm:
319 3384 389 3455 qnod
403 3385 507 3455 quidem
521 3382 608 3437 locum
620 3387 646 3436 in
657 3405 689 3437 eo
730 3382 791 3433 edit.
811 3381 845 3432 nd
859 3396 935 3431 usum
952 3376 1089 3449 Delphini,
1109 3375 1237 3442 Londini,

183 3480 237 3512 non
250 3463 358 3514 haberet
373 3463 445 3534 qnod
458 3460 552 3534 pellice
565 3482 690 3516 vocemus
734 3463 830 3532 1822),
842 3464 902 3532 qnia
916 3458 1038 3512 nimirum
1050 3457 1144 3528 procui
1157 3472 1235 3528 spee-

178 3540 258 3613 scssd.
282 3543 335 3617 G.]
353 3575 389 3584 -
407 3543 564 3617 [prospexit.
587 3545 626 3596 lte
650 3544 688 3595 Cl.
729 3555 798 3607 tere,
815 3541 937 3592 convenit
955 3538 1057 3609 egregie
1074 3536 1165 3588 timido
1180 3537 1235 3587 eni-

184 3621 267 3673 Schw.
281 3622 326 3674 scd
338 3625 364 3674 in
376 3623 448 3676 hunc
461 3635 556 3675 nostr-c
568 3623 689 3676 editionis
729 3622 798 3675 meli.
820 3624 929 3684 Verum,
949 3621 1054 3689 jacente
1074 3616 1153 3688 lupo,
1177 3617 1238 3688 quis

184 3701 331 3768 textum,ei
341 3706 483 3777 conspexit,
492 3705 587 3756 rectius
598 3703 689 3756 admit·
725 3703 804 3756 locus
819 3704 874 3754 ovis
891 3699 1038 3752 timiditati?
1052 3698 1157 3750 Nednnr
1172 3714 1235 3767 pro-

184 3780 292 3833 tendnrn
303 3788 449 3836 censuirnns
460 3784 518 3835 side
528 3785 596 3836 infre
607 3783 688 3835 edne·
728 3786 822 3858 epictet
831 3785 901 3847 ovis,
911 3778 1008 3832 nedum
1018 3778 1111 3852 procul
1118 3787 1240 3849 spectet,

184 3861 686 3937 tat.adroe.eonspcxit.ss.]Bnrtnann.
728 3864 832 3934 inspicit
850 3863 952 3933 potius,
969 3860 1112 3930 conspicit,
1132 3870 1186 3908 tote
1207 3858 1233 3905 in

184 3944 228 3994 cui
241 3942 399 4010 suffragetur
409 3942 477 3994 Cler.
491 3940 632 3994 Tnschncit.
649 3961 689 3993 ex·
727 3942 929 4014 conspiciendo,
943 3939 1015 4012 quod
1028 3938 1161 4008 eleganter
1170 3935 1234 3987 mihi

184 4021 281 4093 plicat,
296 4022 688 4094 proculspeetere‚qnodc0n·
725 4024 828 4075 ridetur
860 4022 1003 4091 exprimere
1033 4016 1061 4068 ei
1091 4014 1231 4086 compescit.

183 4100 273 4153 veniat
281 4104 381 4172 egregie
390 4102 478 4153 timide
487 4101 606 4167 animali,
616 4101 688 4172 quod
726 4101 807 4170 Quod
819 4098 952 4172 appellant
964 4097 1072 4161 vulnus3
1091 4110 1144 4145 non
1157 4103 1233 4144 senet

183 4180 280 4255 procul
291 4182 379 4235 videns
391 4184 481 4255 lupum
494 4186 520 4234 itt
531 4184 621 4249 fovea,
633 4202 687 4234 non
727 4182 765 4233 Cl.
778 4181 904 4233 Scheffer.
921 4178 1009 4248 legens
1019 4175 1155 4249 prospicit,
1167 4171 1234 4222 infe·

185 4262 283 4318 nntlcst
297 4275 384 4315 tamen
397 4283 480 4335 prope
493 4260 624 4317 accedere.
638 4261 688 4315 Sed
728 4260 764 4312 lin
776 4259 883 4326 inserper
890 4256 941 4308 lsee
950 4254 1053 4325 glossa:
1072 4251 1235 4324 «prospicit,
