2820 5018
187 559 456 622 TABULARUM
481 552 942 618 LlTHOGRAPlIlCARUM.
1056 570 1097 614 xv

451 742 621 802 TABULA
642 739 703 799 lll.

96 909 147 970 Ad
155 933 226 995 paq.
240 912 313 993 439,
330 915 410 973 Tom.
422 915 445 971 1.
460 908 690 971 Ornamentum
699 922 742 970 est
752 931 769 970 e
778 910 900 969 Pictoris
913 909 943 971 V
939 904 1099 967 osculorum

64 1001 227 1064 Groecorum
242 1002 484 1078 Tisclbeinianis,
499 1003 533 1061 Τ.
552 1003 595 1079 ll,
612 1023 644 1060 n.
660 1001 707 1061 58.
725 997 884 1060 Exhibitus
895 1011 939 1058 est
950 995 1099 1068 servulus,

63 1088 184 1149 indutus
202 1091 319 1166 tunica,
334 1102 494 1172 corrugata
511 1089 596 1173 plicis
615 1092 686 1151 scite
706 1088 897 1172 compositis,
912 1085 1043 1146 dominae
1056 1103 1100 1142 se·

63 1176 158 1255 denti,
168 1180 263 1241 altera
272 1202 369 1241 manu
378 1179 545 1263 speculum,
558 1179 651 1241 altera
662 1178 840 1263 penicillum
850 1178 977 1255 tenenti,
987 1193 1100 1258 aquam

65 1267 100 1326 ad
118 1289 230 1329 manus
245 1270 412 1330 abluendas
429 1270 616 1330 ministrans.
638 1269 732 1330 Plura
753 1266 839 1329 dabit
858 1269 936 1329 Nota
954 1263 1100 1344 Bdttigeri

63 1353 96 1412 ad
111 1354 166 1416 lib.
181 1358 225 1434 ll,
242 1357 303 1416 fab.
318 1358 355 1429 V,
375 1378 438 1415 rr...
458 1358 502 1416 13.

462 1529 631 1588 TABULA
651 1530 706 1588 lv,

100 1678 152 1737 Ad
160 1701 229 1762 paq.
246 1679 322 1756 464,
343 1685 423 1741 Tom.
438 1685 463 1741 1.
478 1683 584 1743 Servus
597 1705 689 1766 quem
705 1687 767 1745 istis
779 1686 896 1767 joostus
911 1683 1013 1743 Cesar
1027 1673 1104 1736 ello·
1227 1694 1230 1699 ’

66 1771 191 1847 quitur:
220 1773 316 1831 uNon
338 1771 472 1832 multum
494 1776 577 1854 egisti
598 1787 627 1833 et
647 1795 738 1857 opera
760 1774 969 1857 nequidquam
989 1767 1076 1853 perit·
1087 1789 1101 1820 ²²

68 1855 151 1916 Unus
165 1871 240 1917 este
256 1857 382 1919 servulis
394 1860 618 1920 venustioribus
632 1882 709 1942 quos
725 1863 844 1923 Veteres
858 1865 1002 1922 Atrienses
1017 1874 1105 1915 voca-

65 1943 146 2004 bant.
170 1948 316 2008 Atriensis
338 1961 456 2024 noster,
477 1950 582 2010 tunica
602 1950 756 2025 destricta,
778 1950 962 2021 alticinctus,
988 1942 1105 2006 alveolo

64 2030 167 2111 ligneo
185 2038 341 2111 munitus,
362 2058 425 2119 quo
445 2055 519 2095 mox
535 2050 714 2098 aestuantem
728 2037 859 2097 humum
873 2032 1106 2117 conspergebet,

62 2124 158 2181 comis
178 2121 274 2183 officii
290 2127 424 2206 pretium
440 2124 619 2206 desperans,
641 2128 745 2200 tristis,
768 2125 896 2185 demisso
910 2124 1023 2204 eapite,
1049 2128 1107 2176 stat

62 2222 132 2269 ante
146 2212 312 2273 Caesarem.

99 2298 232 2361 Exhibet
244 2317 273 2363 et
285 2304 391 2364 tabula
405 2305 534 2386 speciem
547 2305 639 2387 xysti,
654 2305 675 2365 i.
689 2325 714 2364 e.
728 2304 947 2365 ambulationis
959 2311 1030 2359 ante
1041 2311 1110 2374 pon

61 2391 156 2449 ticum
171 2392 329 2453 columnis
342 2408 371 2454 et
384 2394 498 2454 ritibus
511 2407 671 2455 exornatae.

293 2586 554 2654 VOLUMEN
580 2584 881 2658 SECUNDUM.

473 2764 641 2821 TABULA
664 2763 698 2819 V.
715 2701 717 2705 '

96 2928 148 2985 Ad
155 2948 226 3008 paq.
243 2949 270 3001 r,
286 2931 364 2988 Tom.
379 2933 417 2988 11.
431 2929 654 2992 Adumbratum
666 2945 710 2992 est
721 2936 946 2990 ornamentum
961 2945 978 2982 e
993 2920 1117 3012 Pwlurlf

53 3015 341 3093 Herculanensem,
355 3021 390 3078 T.
407 3020 610 3097 l,tab.xx1x‚
624 3046 653 3105 p.
671 3021 736 3083 155.
755 3019 836 3103 Quae
851 3015 896 3074 ibi
910 3015 1064 3076 delineata
1079 3022 1118 3058 Vl·

49 3109 131 3166 situr
146 3106 284 3187 pictura,
302 3107 426 3167 exhibet
439 3109 626 3186 columbam,
646 3116 679 3173 in
693 3110 830 3193 pulvino
841 3106 1000 3168 cathedrae
1015 3093 1119 3157 seden-

50 3210 130 3268 tem,
154 3206 186 3252 et
207 3194 281 3254 duos
304 3197 418 3257 Genios
439 3218 547 3278 pueros
569 3199 723 3274 ludentes,
745 3213 892 3280 qnorum
917 3196 993 3255 alter
1016 3183 1120 3243 dextra

48 3279 205 3340 frondem
219 3295 370 3363 myrteam
383 3296 484 3344 tenere
497 3285 630 3365 videtur,
646 3289 726 3348 alter
739 3291 915 3362 sceptrum.
932 3283 976 3341 Ex
988 3274 1046 3335 hoc
1058 3289 1121 3328 ¹110·

48 3384 211 3430 numento
226 3371 276 3432 lux
288 3371 413 3433 effundi
426 3387 521 3455 potest
538 3374 650 3439 fabule
663 3372 794 3438 Phaedri
810 3368 865 3428 lib.
884 3373 944 3447 lll,
959 3365 1023 3430 fab.
1035 3360 1121 3430 Vlll,

48 3462 166 3540 inqua
182 3472 270 3541 poeta
286 3477 407 3537 narrat,
423 3462 518 3523 filiam
536 3469 749 3549 turpissimam
766 3474 800 3519 et
818 3457 976 3539 insignem
992 3447 1120 3534 pulchffl

49 3547 130 3609 facie
148 3548 266 3625 filium,
283 3551 430 3632 prutiliter
449 3551 589 3630 ludentes,
609 3560 692 3619 forte
713 3545 900 3636 speculum,
923 3551 955 3606 in
977 3539 1121 3603 cathedra

50 3640 164 3699 matris
176 3642 324 3720 positum,
340 3643 512 3724 inspexisse.
529 3645 600 3705 Non
616 3650 793 3710 obscurum
809 3647 869 3707 est,
887 3638 921 3694 in
933 3629 1040 3694 tabula
1053 3648 1122 3687 1¹0&

50 3741 97 3784 tra
109 3725 229 3786 similes
239 3727 369 3788 exhiberi
378 3730 476 3805 lusus,
488 3744 518 3791 et
527 3730 657 3817 jamjam
670 3731 754 3791 vidit
767 3722 888 3783 Brotier
898 3723 968 3781 Not.
982 3717 1020 3777 ad
1034 3716 1121 3775 Plrae·

50 3813 97 3870 dri
111 3813 271 3889 fabulam,
288 3818 392 3899 paullo
408 3832 479 3878 ante
493 3823 629 3886 citatam.
645 3821 704 3884 Sed
723 3829 798 3897 quse
817 3805 909 3905 luerit
926 3805 1121 3906 5⁵¹⁰fflmllu·

53 3900 167 3960 dorum
192 3915 303 3963 natura
323 3919 352 3963 et
373 3906 506 3985 indoles,
526 3908 652 3972 difficile
671 3919 718 3967 est
739 3895 881 3958 definlrc·
905 3892 1021 3953 Confer
1040 3893 1120 3953 dicta

57 3989 93 4046 ad
107 3990 164 4050 lib.
179 3991 239 4065 ΙΙΙ,
252 3991 312 4053 fab.
326 3995 414 4072 Vlll,
429 4016 479 4054 o...
498 3997 523 4054 5.

463 4179 633 4238 TABULA
656 4174 716 4233 Vl.

100 4331 150 4387 At!
160 4353 230 4411 paq.
247 4334 298 4406 51,
319 4339 399 4394 Tom.
416 4339 454 4397 η,
476 4339 511 4396 ln
530 4338 677 4400 cubiculo
694 4313 852 4387 columnis
870 4309 1036 4456 adorabam,
1055 4340 1129 4380 con.
