2820 5018
198 409 217 485 4
589 404 837 470 onerario

193 544 292 633 liquis
309 565 472 631 separata,
487 545 587 606 textui
605 542 771 633 subjunxi,
789 541 924 606 historia
937 539 1086 607 locomm
1102 545 1208 611 vexati

195 649 353 711 simorum
367 646 491 724 critica,
506 669 547 709 ne
561 646 663 710 moles
678 662 829 710 notarum
844 647 1028 708 criticorum
1042 647 1141 711 nimis
1153 671 1208 715 cre

195 767 296 829 ceret,
314 753 347 814 in
362 750 519 814 Excursus
534 751 690 841 conjecta.
709 752 782 814 Non
800 772 872 814 raro
891 748 1004 813 addidi
1020 752 1207 833 rationes‚t

195 854 314 943 quibus
338 857 508 919 Lectiones
528 854 580 918 vel
602 852 840 941 defendendas,
860 853 912 916 vel
934 852 1127 942 rejiciendas
1146 871 1206 941 put

194 982 278 1039 rem,
297 963 495 1048 optimorum
514 959 708 1023 Criticorum
727 979 826 1045 opera
841 980 933 1035 usus,
952 978 1094 1045 quorum
1112 961 1206 1023 unicu

195 1087 260 1152 que
280 1068 309 1122 τὸ
327 1087 421 1127 suum
436 1062 574 1127 reddere
589 1059 715 1139 studui,
735 1084 802 1124 non
815 1062 926 1147 paucis
940 1058 1076 1150 adjectis
1090 1061 1132 1126 de
1146 1085 1205 1128 met

193 1170 280 1235 Nulli
291 1188 401 1234 autem
411 1187 532 1234 temere
545 1169 719 1232 obsecutus
730 1191 817 1247 sum;
831 1167 1083 1257 necquidquam
1095 1171 1128 1233 in
1141 1187 1204 1237 text

193 1278 369 1341 Burmanni
383 1279 506 1340 mutavi
521 1278 589 1340 sine
604 1274 784 1340 rationibus
796 1274 938 1354 idoneis;
954 1276 1000 1340 nil
1013 1279 1082 1341 sine
1094 1296 1203 1344 auctor

192 1401 257 1449 tate
277 1384 436 1449 librorum
455 1386 663 1472 scriptorum3
684 1384 730 1447 nil
747 1382 924 1471 deniquee
944 1383 1147 1474 conjectura,
1169 1388 1203 1452 ni

192 1491 249 1555 ubi
266 1490 370 1559 Codd.
389 1491 478 1555 MSS.
498 1490 594 1579 plane
615 1508 723 1555 essent
745 1492 891 1577 corrupti
910 1506 1009 1578 atque
1032 1493 1202 1581 interpolat

192 1595 467 1660 innumerabilem
480 1618 518 1658 ac
532 1618 624 1682 paene
639 1593 864 1658 incredibilem
876 1596 1137 1684 conjecturarum
1150 1621 1201 1663 mu

191 1699 367 1765 titudinem
378 1701 471 1765 noris
485 1722 604 1786 augere
619 1722 685 1762 non
699 1721 797 1762 ausus
812 1720 899 1776 sum,
915 1700 975 1762 etsi
989 1697 1042 1763 vel
1055 1697 1119 1764 hoc
1131 1703 1200 1790 ing

192 1830 269 1873 uere
285 1808 512 1896 qualecunque
529 1806 711 1894 periculum
729 1806 834 1868 lacere
849 1821 1011 1892 poteram,
1031 1807 1057 1870 si
1075 1829 1200 1895 quorun

190 1912 266 1977 darn
275 1915 471 1979 Criticorum
479 1911 647 1975 audaciam
659 1911 777 1974 imitari
787 1909 946 1973 libuisset„
955 1911 1037 1972 llam
1047 1926 1144 1998 puto,
1154 1935 1199 2000 po

190 2037 239 2085 tot
252 2022 396 2085 virorum
408 2019 580 2085 doctorum
592 2041 704 2095 ausus,
718 2020 751 2082 in
763 2032 851 2080 tanta
862 2015 1021 2080 librorum
1033 2019 1198 2106 scriptoria

189 2129 315 2215 inopia,
328 2125 426 2192 hodie
440 2127 683 2190 innovationem
694 2147 825 2189 omnem
840 2125 872 2186 in
884 2139 974 2187 textu
987 2120 1115 2189 Phaedri
1125 2149 1144 2190 e
1155 2148 1196 2191 co

185 2234 327 2323 jectum,
343 2231 479 2320 periculi
492 2250 524 2293 et
536 2230 748 2294 dubitationis
760 2227 880 2293 habere
893 2228 1085 2316 plurimum,
1098 2233 1162 2297 nisi
1172 2230 1196 2297 lt

189 2340 346 2402 offeratur
361 2336 557 2425 conjecturis
572 2331 590 2398 e
604 2332 781 2398 Codicibus
795 2333 884 2398 MSS.
901 2357 921 2397 a
939 2334 1015 2397 viris
1029 2332 1134 2400 doctis
1148 2359 1196 2402 no

190 2442 269 2507 dum
283 2442 422 2521 collatis,
438 2440 495 2506 sed
510 2439 687 2529 aliquando
697 2443 731 2505 in
741 2442 849 2506 lucem
859 2440 1079 2529 proferendis3
1090 2442 1123 2508 id
1137 2466 1195 2534 qut

188 2572 277 2613 nunc
292 2571 420 2636 sperare
435 2550 489 2612 vix
501 2551 615 2613 ausim.
629 2548 727 2632 Quod
742 2550 905 2638 reliquum
919 2566 981 2628 est,
995 2549 1139 2615 fabulam
1150 2551 1194 2617 ali

188 2656 288 2735 XXV,
304 2657 393 2721 Libri
409 2658 464 2735 IV,
480 2679 555 2719 cum
565 2658 722 2721 Brotien'o
733 2674 766 2721 et
778 2658 958 2745 Bipontinis
968 2658 1142 2747 Epilogum
1156 2661 1193 2726 fir

184 2764 266 2854 jussi
281 2762 355 2827 libri
370 2765 432 2843 111,
448 2764 541 2854 cujus
554 2764 693 2851 Prologo
704 2763 745 2828 nd
761 2762 946 2854 Eutychum
960 2766 1083 2851 optime
1094 2790 1192 2857 respo

188 2870 257 2952 det3
269 2873 464 2961 pariterque,
477 2895 519 2936 ne
528 2871 619 2936 Libri
630 2877 657 2936 V
670 2873 827 2960 Prologus
838 2889 924 2937 esset
934 2871 1067 2961 duplex,
1079 2875 1192 2942 Libril

187 2977 312 3058 nullus,
324 2979 408 3042 illius
419 2978 590 3067 prologum
600 2981 743 3068 priorem
753 2978 830 3044 huie
839 2978 968 3044 reddidi
979 3003 1143 3071 suumque
1152 2985 1190 3073 Ep

185 3083 313 3179 logum,
329 3087 386 3173 qui
400 3084 489 3148 Libri
504 3087 544 3163 V,
557 3083 634 3147 Fab.
647 3086 676 3146 V
689 3100 721 3148 et
733 3086 793 3161 VI,
813 3083 912 3170 vulgo
924 3085 1136 3172 interpositus
1149 3087 1189 3176 lq

187 3206 251 3287 tur.
264 3190 315 3287 Spe
328 3190 462 3279 quidem
473 3191 510 3254 L.
522 3192 567 3254 IV
579 3207 686 3255 totum
696 3191 903 3269 Particuloni,
915 3190 1188 3261 LibrumVPbile

188 3317 314 3361 sacrum
326 3318 396 3360 esse
410 3295 499 3360 volui
513 3297 567 3378 (ι).
586 3293 649 3359 Sed
668 3293 777 3361 fabula
791 3294 869 3360 alias
882 3295 956 3373 XX,
973 3295 1062 3360 Libri
1076 3299 1139 3378 ΙΙΙ,
1157 3323 1188 3364 nt

187 3400 257 3465 sine
271 3401 396 3464 ratione
411 3399 493 3461 facta
509 3413 556 3460 est
571 3396 660 3461 Libri
676 3398 730 3475 lV,
744 3399 858 3485 prima.

228 3506 347 3570 Textui
365 3502 493 3568 Pbaedri
514 3503 638 3594 subjeci
658 3507 937 3569 Commentariun]
954 3523 1164 3594 perpetuum.
1183 3512 1186 3572 J

186 3607 384 3697 explicandis
398 3624 508 3672 autem
520 3607 638 3672 fabulis
650 3606 824 3694 diligenter
834 3610 1061 3697 comparandae
1070 3612 1185 3679 videbe

185 3730 239 3779 tur
248 3715 369 3780 Graecae
377 3716 500 3803 AEsopi,
512 3713 692 3802 Aphthonii
701 3731 801 3804 atque
812 3717 928 3803 Ignatii
937 3719 1074 3782 Diaconi
1084 3719 1184 3785 fabell

184 3823 309 3886 collatis
327 3825 488 3913 Anonymi
506 3823 639 3886 Nilantii
654 3838 687 3886 et
703 3822 833 3887 Romuli
851 3821 979 3888 fabulis.
996 3825 1069 3907 Qua
1088 3826 1183 3916 quide

184 3928 426 4015 comparatione
445 3925 582 3989 Phaedro
598 3948 666 3989 non
685 3948 758 3990 raro
772 3926 880 3990 lucem
893 3949 964 3993 esse
982 3928 1139 4011 oblatam,
1153 3956 1183 3997 nt

184 4027 414 4094 diffitebuntnr
433 4051 585 4092 curarum
605 4043 789 4092 nostrarum
810 4029 922 4118 cupidi
942 4022 1090 4100 lectores.
1114 4037 1182 4125 atq

218 4176 258 4248 (r)
268 4177 306 4228 Cf.
321 4177 517 4251 Bipontinorurn
528 4175 590 4226 Not.
601 4174 679 4228 litter.
692 4174 726 4239 de
737 4173 861 4243 Phaedro,
871 4196 899 4248 p.
912 4194 994 4230 xxxut
1005 4196 1044 4250 sq.
