2820 5018
476 446 541 509 An
564 445 657 509 ure.
682 444 697 506 1
722 445 817 507 rna.
842 446 928 508 vu.
1159 448 1221 536 507

153 600 159 610 '
176 591 235 663 ria,
245 608 306 669 qua
319 604 448 668 persona
459 583 634 659 constabat,
646 580 779 664 huicque
791 581 972 664 plerumque
981 583 1059 665 ipsos
1068 585 1166 646 crines
1174 585 1226 645 ad·

178 678 296 739 haesisse
351 719 359 734 .

203 676 363 827 'Persolads
375 784 393 822 a
405 761 586 844 peoonondo
601 760 696 821 dictas
710 748 786 834 esse,
795 759 892 819 *multi
907 774 993 834 sunt,
1006 760 1060 842 qui
1072 774 1225 837 statuant,

176 856 247 917 fulti
267 855 334 917 loco
355 852 445 913 Gellii
463 873 555 934 supra
576 851 709 911 laudato.
729 851 766 910 lu
787 848 845 911 hac
865 851 1014 910 sententia
1034 865 1106 911 sunt
1125 853 1226 934 Rigal-

176 945 237 1003 tius
255 943 312 1023 (2),
332 940 491 1001 liamlerus
512 941 570 1018 (3),
591 939 644 1000 alii
662 937 713 1019 (4).
732 938 805 999 Aliis
825 941 922 1020 magis
941 937 1038 1020 placet
1053 938 1226 1022 conjectura

176 1030 288 1103 vossii,
301 1027 477 1088 deducentis
492 1048 509 1085 a
521 1030 673 1108 πρόσωπον,
687 1027 735 1086 cui
750 1024 932 1108 significatio
951 1026 1131 1108 respondere
1145 1026 1227 1087 vide·

178 1135 238 1180 tur.
256 1121 335 1180 Nam
347 1141 401 1202 pro
419 1132 448 1178 et
467 1117 665 1198 permisceri,
684 1119 861 1199 Proserpina
875 1116 1023 1192 declarat,
1043 1138 1112 1198 quoe
1128 1118 1228 1179 Perse·

177 1209 279 1294 phone
291 1210 405 1270 Graecis
416 1221 460 1268 est
470 1207 521 1286 (5).
534 1206 577 1266 Ad
589 1221 724 1282 aetatem,
735 1207 804 1267 vitre
814 1227 924 1287 genus,
936 1227 1095 1289 moresque
1105 1228 1228 1283 eorum,

178 1318 254 1380 quos
272 1295 383 1357 referre
401 1308 516 1354 actores
531 1294 700 1370 debebant,
714 1293 953 1354 accommodate
971 1308 1059 1355 erant
1076 1315 1229 1378 personae,

176 1404 311 1466 quarum
324 1382 502 1442 discrimina
514 1380 642 1462 pulchre
655 1380 798 1462 exprimit
809 1380 1020 1457 Quintilianus
1032 1382 1083 1461 (6).
1096 1383 1157 1459 Qui
1171 1383 1232 1466 pri·

178 1475 222 1534 mi
235 1471 390 1555 personati
404 1471 521 1551 egerint
532 1483 561 1529 et
573 1468 755 1529 comoediam
771 1484 801 1528 et
812 1469 1011 1549 tragoediam‚
1022 1471 1154 1531 ostendit
1167 1471 1230 1531 Jul.

178 1563 279 1622 Caesar
290 1557 422 1639 Scaliqer
433 1560 489 1639 (7),
500 1560 556 1640 qui
570 1579 606 1618 ex
621 1559 763 1617 instituto
773 1557 837 1636 agit
849 1556 888 1616 de
900 1558 1033 1639 personis
1048 1561 1169 1640 tragicis
1179 1560 1230 1639 (8).

180 1651 236 1710 Cui
254 1648 331 1709 adde
347 1649 544 1707 Ficoronium
559 1648 617 1727 (9),
634 1661 664 1707 et
680 1646 908 1727 Pitiscum(1o).
924 1646 1063 1707 Personae
1081 1662 1231 1730 repertor,

180 1735 337 1817 AEschylus
354 1733 499 1793 laudatur
514 1733 554 1792 ab
574 1734 701 1793 Horatio
717 1734 752 1792 A.
769 1735 802 1792 Ρ.
822 1755 850 1793 v.
866 1735 934 1814 278.
948 1735 992 1794 Ex
1010 1754 1072 1815 quo
1086 1734 1232 1816 intelligi·

180 1842 244 1900 tur,
256 1823 396 1884 fabulam
408 1823 445 1883 de
454 1821 552 1904 Vulpe
567 1835 597 1881 et
609 1825 742 1883 Persona
758 1823 873 1902 tragica
885 1837 957 1883 ante
968 1838 1088 1884 aetatem
1100 1823 1232 1906 AEschyli

180 1936 244 1976 non
258 1912 362 1974 fictam
372 1913 472 1972 fuisse.
485 1914 589 1971 leones
602 1932 817 1993 personarum,
829 1911 1022 1972 Editionibus
1036 1914 1193 1973 Laurentii
1204 1926 1234 1973 et

180 2004 401 2083 lloogstratani
414 2000 590 2082 subjunctas
601 2016 752 2083 tanquam
762 2000 866 2061 minus
875 2013 1046 2078 accuratas,
1057 2001 1234 2084 perstringit

181 2091 396 2166 Santoroccus,
408 2088 539 2150 laudans
550 2090 722 2149 Dacieriam
733 2091 767 2149 in
779 2087 901 2149 Praefat.
918 2088 958 2148 ad
969 2090 1089 2150 Terent
1101 2089 1156 2148 ubi
1165 2088 1234 2150 vide

183 2195 204 2241 t.
221 2183 280 2255 lll,
298 2204 328 2263 p.
343 2202 395 2262 27,
407 2179 488 2239 Edit.
507 2176 596 2259 1747,
612 2180 705 2239 ἑτι-80.

222 2268 268 2328 Ad
279 2291 321 2328 vs.
335 2290 363 2327 2.
378 2268 483 2348 Carpit
495 2265 560 2325 haec
571 2269 617 2325 La
630 2264 744 2338 Motha,
758 2263 878 2340 Gallus,
891 2266 946 2346 qui
959 2265 1078 2341 mallet,
1090 2262 1157 2325 haec
1168 2285 1234 2324 ver·

183 2357 224 2416 ha
239 2357 299 2418 dici
313 2357 353 2416 ab
368 2356 446 2431 alio,
461 2376 557 2437 quarn
571 2356 677 2438 vulpe,
694 2375 824 2416 canens:

306 2493 368 2536 Mais
378 2489 396 2537 il
404 2490 440 2550 (lo
449 2491 545 2551 ποιητά)
556 2491 593 2536 rr'u
601 2489 656 2554 plus
665 2506 692 2537 sa
699 2506 768 2555 praee
776 2488 887 2537 natunlle

306 2566 369 2609 Avec
378 2563 401 2609 ln
411 2567 454 2609 tete
462 2581 517 2610 suns
526 2562 630 2611 oeruelle.

306 2634 352 2680 son
360 2645 407 2680 mot
415 2644 449 2680 est
457 2633 576 2681 excellent.
588 2634 710 2691 D'occurd,

307 2708 368 2753 Man
378 2724 408 2752 un
417 2717 483 2754 σιω-ε
492 2709 567 2754 davolt
576 2706 597 2753 lo
606 2709 662 2754 dire.

182 2823 239 2884 Sed
254 2844 317 2885 non
332 2827 415 2887 videt
429 2828 678 2909 Hagedornius(r
688 2830 727 2907 ι),
739 2848 836 2910 quare
844 2827 964 2909 vulpes,
974 2825 1070 2886 bestia
1079 2825 1234 2905 ingeniosa

184 2926 276 2995 atqoe
290 2913 401 2991 faceta,
419 2937 483 2976 non
496 2917 593 2977 ridere
607 2920 701 2998 possit
712 2938 801 2978 seusu
815 2916 973 2978 communi
987 2926 1132 2974 carentes.
1144 2910 1234 2971 Conf.

184 3016 304 3078 nmen,
318 3025 387 3085 quae
402 3004 440 3064 ad
451 3005 517 3066 haec
527 3021 632 3067 monet
641 3007 844 3087 Breitingerus
859 3006 929 3086 (ια).
944 3005 1034 3064 Hisce
1048 3001 1125 3062 adde
1137 3000 1237 3059 obser·

220 3181 324 3255 (1)Vid.
333 3183 430 3255 Cuperi
437 3184 687 3260 Apotheorinp.82.
731 3205 789 3260 cap.
804 3204 849 3249 103
861 3184 984 3259 Scaliger.
994 3187 1067 3238 Poet.
1078 3181 1124 3235 lib.
1137 3184 1163 3250 1,
1175 3200 1234 3254 cap.
1311 3183 1313 3187 ’

186 3261 246 3316 coll.
258 3265 369 3336 Bergero
381 3264 414 3316 de
426 3266 545 3318 Personis
554 3286 581 3339 p.
592 3268 636 3339 67.
735 3266 775 3318 13.

221 3341 260 3414 (a)
269 3342 309 3394 cf.
320 3343 358 3414 Ej.
370 3345 432 3396 Not.
443 3346 552 3415 priores.
767 3344 806 3418 (5)
819 3347 915 3399 Gesner
924 3346 951 3396 in
963 3341 1042 3396 Thea.
1054 3342 1083 3393 L.
1098 3340 1128 3393 1.
1141 3358 1164 3392 v.
1178 3358 1239 3413 per·

221 3421 262 3494 (3)
272 3422 344 3475 Eint.
362 3423 390 3474 r'n
405 3423 446 3476 die
458 3425 485 3476 S.
502 3424 543 3476 W.
554 3424 585 3474 Τ.
600 3424 649 3490 lll,
663 3445 690 3496 p.
731 3444 803 3478 sona.

188 3523 221 3554 ω.
241 3502 307 3556 253:
325 3503 388 3556 Alle
401 3502 502 3576 Spieler
513 3503 623 3576 spielten
636 3524 692 3556 ver-
766 3503 806 3574 (6)
817 3505 836 3554 Ι.
851 3503 884 3556 0.
897 3499 942 3554 lib.
954 3500 1003 3568 xl,
1015 3519 1074 3572 cap.
1087 3496 1119 3566 3,
1131 3518 1158 3571 p.
1174 3496 1235 3551 831.

188 3580 263 3634 larut.
284 3582 348 3635 Iltre
367 3583 468 3635 lowen
490 3584 628 3636 lestanden
647 3603 693 3637 nus
734 3581 802 3634 Edit.
816 3582 930 3634 Gronov.

188 3661 271 3713 oinem
285 3682 387 3736 ponzen
403 3662 506 3735 Kopfe,
524 3665 571 3715 der
585 3665 633 3716 wie
648 3664 692 3716 eia
767 3661 807 3734 (7)
819 3664 890 3714 Poet.
903 3660 949 3712 lib.
963 3662 987 3727 l,
999 3678 1060 3732 cap.
1075 3658 1106 3727 14
1116 3671 1142 3711 et
1153 3657 1194 3712 16.

189 3739 267 3791 Helm
275 3742 468 3814 pertrahamur,
479 3742 534 3794 und
541 3743 583 3794 ein
591 3742 692 3818 qemal·
768 3740 807 3814 (8)
816 3744 845 3793 L.
856 3760 879 3792 o.
892 3761 919 3813 p.
933 3738 976 3807 54.

190 3829 225 3869 tes
240 3820 354 3886 Gesicltt,
369 3822 457 3874 Haare
471 3822 527 3873 und
537 3822 613 3874 elaea
625 3840 694 3895 pros·
768 3819 807 3891 (9)
818 3823 846 3873 L.
861 3841 883 3873 c.
895 3842 922 3893 p.
936 3821 961 3874 5.

189 3915 233 3948 sen
246 3898 332 3949 Mund
350 3900 432 3967 hatte,
449 3903 532 3954 derso
550 3902 693 3974 einqericlr·
768 3903 825 3973 (ιο)
836 3903 866 3952 L.
879 3920 902 3952 c.
916 3899 964 3953 sub
977 3917 1095 3972 perrona.

191 3989 226 4031 tet
240 3997 302 4045 war,
318 3980 372 4033 daus
385 4002 414 4033 er
425 3982 467 4033 die
477 3982 586 4035 Stimme
597 3980 693 4055 qewal-
768 3980 792 4048 (ι
801 3982 825 4050 ι)
844 3982 872 4030 ln
888 3982 960 4032 Nota
974 3978 1008 4031 ad
1016 3977 1080 4030 Fal).
1090 3993 1179 4040 auam,
1192 3975 1239 4025 der

191 4060 226 4133 tiq
248 4060 391 4113 verstiirltte.
411 4062 500 4114 Dalter
517 4074 614 4114 nennte
631 4083 693 4115 man
732 4059 920 4130 schdneKopf.

190 4141 225 4192 sie
237 4159 364 4211 persona,
377 4160 391 4193 a
402 4144 578 4214 personando.
768 4138 824 4209 (ra)
841 4139 880 4188 cf.
893 4140 932 4207 ej.
945 4135 1063 4191 lrr'tlsclte
1072 4132 1236 4185 chlttlunst.

227 4217 266 4290 (4)
275 4219 333 4272 vid.
346 4220 443 4273 Barthii
454 4220 518 4273 Adv.
532 4220 577 4274 lib.
588 4223 694 4288 XLVII,
734 4221 761 4269 P.
774 4220 799 4286 l,
810 4236 837 4289 p.
852 4215 902 4281 240
913 4233 953 4285 aq.
