2820 5018
305 497 559 577 ANTIQUlT.
583 498 763 563 SCRIPT.
788 497 1089 566 DlSl'UTrlTlO.
1157 501 1218 566 265

173 660 250 699 nem
272 637 478 700 Gescbmaclte
500 640 639 721 zusolge..
663 638 748 699 nicbt
769 640 1043 700 ausserordentlicb
1069 641 1221 721 gliiclrliclr

174 727 270 803 land,
284 729 349 787 und
362 728 417 788 das
429 728 598 790 uriversuelrt
608 751 645 788 au
660 749 798 803 nennen‚
810 751 872 788 was
887 750 947 788 nur
963 751 1024 789 von
1037 732 1137 789 einem
1150 730 1224 790 Ein-

174 816 280 895 zigeu‚
297 811 381 875 obne
396 815 665 895 ausgezeiclmctcn
685 816 792 895 Erfolg
807 831 1045 876 unternomrnen
1060 816 1196 876 worden.
1208 843 1221 871 n

218 906 330 963 Praeter
341 903 508 964 Christium
525 922 597 966 sunt
613 907 680 978 alii,
695 906 748 986 qui
766 906 869 964 locum
882 907 1031 966 Martialis
1047 927 1063 966 e
1079 904 1224 965 Phaedro.

175 993 358 1053 fabularum
376 995 535 1075 scriptore,
552 995 680 1075 intelligi
700 1015 783 1075 posse
799 1008 919 1074 negent.
939 996 986 1054 Sic
1003 994 1173 1054 Farnobius
1185 997 1227 1071 (r).

174 1082 216 1143 de
238 1079 457 1162 mimographo
479 1083 584 1163 aliquo
601 1082 753 1162 joculario
773 1083 925 1162 intelligit.
945 1084 982 1142 ln
1001 1083 1139 1141 eamdem
1159 1103 1224 1140 sen-

176 1170 307 1229 tentiam
319 1169 480 1230 discedunt
492 1169 680 1229 Schrerelius
692 1172 724 1228 in
735 1170 822 1228 Notis·
834 1169 871 1227 ad
885 1169 1017 1229 lllartial.
1033 1168 1084 1228 lib.
1099 1170 1155 1241 lll‚
1169 1170 1224 1249 Ep.

177 1257 248 1327 XX,
263 1259 291 1316 S.
304 1259 349 1316 W.
362 1262 396 1318 C.
408 1260 441 1317 L.
455 1257 607 1339 Zieglerus
619 1260 651 1317 in
664 1263 836 1319 Comment.
849 1259 887 1317 de
898 1259 1001 1317 Minus
1012 1258 1223 1317 Romanorum

177 1346 318 1427 Gotting.
339 1348 427 1427 1758,
443 1348 522 1407 in·8⁰
535 1347 606 1429 maj.
619 1371 647 1429 p.
662 1351 714 1428 75‚
727 1349 781 1407 etsi
795 1347 832 1405 de
846 1361 934 1407 atate
945 1362 975 1406 et
989 1348 1051 1406 vita
1064 1345 1155 1425 liujus
1167 1346 1225 1405 bli-

177 1433 340 1515 mograpbi
359 1437 441 1517 apud
462 1451 575 1496 veteres
591 1437 690 1496 altum
708 1438 746 1495 sit
762 1437 934 1510 silentium,
953 1451 981 1496 et
1001 1437 1071 1495 satis
1090 1449 1169 1494 certe
1189 1434 1227 1491 dc

178 1521 234 1583 illo
255 1526 455 1606 pronuntiare
468 1542 576 1588 auctor
591 1549 657 1587 non
673 1528 787 1600 salcat3
808 1528 939 1586 maxime
956 1548 1026 1586 vero
1043 1527 1096 1586 cel.
1114 1527 1226 1584 lloetti·

176 1634 285 1693 geras,
297 1615 329 1673 in
343 1613 429 1695 cujus
442 1618 561 1676 scriniis
575 1617 694 1677 erudita
708 1615 789 1676 hanc
803 1617 836 1675 in
852 1638 915 1675 rem
931 1617 1103 1675 observatio
1119 1638 1137 1673 a
1151 1616 1226 1673 Viro

177 1700 358 1762 doctissimo
373 1704 479 1763 litteris
495 1706 689 1785 consignata,
707 1706 835 1778 latebat,
853 1703 944 1784 liujus
960 1705 1023 1764 fere
1037 1705 1226 1785 argumenti:

181 1817 196 1844 ιι
209 1791 321 1851 Solitos
342 1792 434 1852 fuisse
458 1796 669 1853 Romanorum
697 1793 900 1874 lepidissimos
927 1797 1086 1874 scriptores
1114 1793 1226 1873 stylum

176 1898 289 1937 acuere
302 1879 393 1937 ctiam
411 1881 444 1938 in
459 1881 578 1950 mimis,
593 1879 732 1959 exemplo
746 1879 881 1951 Laberii,
901 1880 1014 1937 Catulli
1028 1884 1038 1953 ζ
1046 1882 1154 1937 lurco.
1168 1879 1226 1936 Sat.

177 1965 268 2035 Vlfl,
293 1967 377 2042 185),
398 1955 661 2041 νθτςςίηἰῖῌἾὶη.
686 1964 740 2042 Ep.
762 1962 820 2032 vl,
843 1965 900 2041 21)
922 1964 1129 2042 aliorumque,
1151 1984 1228 2041 quos

180 2054 305 2114 Vossius
317 2052 382 2133 jam
399 2051 538 2110 laudavit
555 2050 592 2110 de
610 2051 691 2109 Poet„
711 2052 792 2123 Lat,
809 2052 881 2110 satis
895 2065 1030 2133 apparet.
1047 2052 1090 2110 Ad
1103 2052 1228 2111 labellos

178 2139 414 2202 concinnandas
427 2139 495 2199 illos
508 2138 712 2212 descendisse,
726 2140 775 2197 vix
788 2141 887 2199 ausim
901 2156 1051 2221 praetore.
1064 2142 1231 2201 Euomeret.

179 2228 330 2289 Martialis
352 2226 454 2309 plura,
474 2228 587 2308 quibus
605 2229 737 2286 llomani
759 2242 825 2299 tum
840 2229 895 2287 otii
911 2227 1037 2288 fallendi
1055 2230 1230 2310 ingeniique

180 2316 357 2379 ostentandi
379 2338 484 2377 caussa
504 2315 664 2397 indulgere
685 2315 835 2390 solerent,
857 2319 1030 2377 carminum
1051 2340 1171 2399 garrera.
1195 2321 1228 2378 lu

181 2408 217 2467 tis
228 2410 332 2467 mimos
344 2408 393 2466 vix
404 2406 567 2466 desiderari
581 2427 683 2486 posse,
697 2404 786 2464 facile
801 2405 877 2464 milri
892 2407 1048 2484 largietur,
1060 2408 1114 2489 qui
1128 2406 1228 2467 sacculi

181 2496 264 2557 illius
283 2516 385 2556 mores
403 2510 432 2555 et
451 2494 550 2554 studia
569 2495 703 2575 penitius
723 2496 1041 2575 perspexeritl‘accre
1057 2499 1151 2577 igitur
1165 2520 1228 2558 non

180 2606 321 2668 possum,
341 2587 417 2665 quin
436 2585 582 2644 assentiar
601 2587 796 2661 sagacissimo
815 2586 977 2661 Scriverio,
996 2586 1061 2647 haec
1082 2587 1175 2646 verba
1191 2588 1227 2646 ad

181 2672 363 2746 Phaedrum,
378 2672 562 2732 fabellarum
575 2674 766 2754 scriptorem,
784 2673 940 2735 referenda
954 2697 1029 2750 esse.
1047 2679 1171 2758 neganti
1186 2691 1230 2734 at·

181 2783 241 2843 que
259 2763 454 2844 perneganti‚
474 2782 665 2842 quamquam
685 2766 843 2839 γιησιότητα
863 2761 945 2823 illius
967 2764 1156 2843 argumentis
1180 2763 1229 2822 de·

183 2850 345 2910 monstrari
366 2870 465 2930 posse,
485 2849 574 2909 facile
591 2849 769 2910 concedam.
788 2852 869 2910 Bene
891 2853 984 2929 igitur
1001 2854 1055 2934 qui
1075 2874 1173 2934 nuper
1194 2852 1231 2912 de

184 2941 287 3000 mimis
302 2941 485 3021 disputavit,
500 2940 654 3020 Zieglerus
670 2962 704 3000 ex
723 2939 782 2999 boc
799 2940 869 3000 loco
888 2940 1052 3001 Pluedrum
1071 2940 1232 3021 exsculpsit

183 3028 433 3111 mimograpbum
448 3051 516 3110 pag.
531 3030 583 3110 75,
598 3029 730 3089 necdum
744 3032 926 3090 sententiam
943 3045 977 3088 ut
991 3046 1121 3101 mutem,
1137 3030 1232 3088 doctis

181 3139 256 3179 sane
272 3120 460 3199 argumentis
476 3119 548 3177 vicit
564 3120 590 3178 J.
609 3122 657 3179 Fr.
671 3120 849 3179 Gronovius
867 3121 898 3177 in
916 3120 1011 3177 Diatr.
1031 3118 1069 3177 ad
1086 3119 1231 3185 Statium,

180 3229 250 3290 cap.
266 3228 317 3287 29,
331 3229 359 3289 p.
379 3208 432 3268 185
446 3230 489 3289 sq.
509 3210 592 3268 Jocos
604 3207 725 3267 Plraedri
741 3207 861 3267 fabellis
877 3207 968 3265 tribui
983 3228 1084 3287 posse,
1097 3226 1161 3264 non
1175 3219 1232 3278 est,

180 3297 268 3379 quod
284 3297 433 3357 dubitem.
451 3298 506 3358 Sed
522 3299 598 3378 quid
616 3297 737 3379 improbi
752 3299 814 3377 joci
835 3299 867 3356 in
887 3299 949 3357 istis
969 3295 1088 3355 labellis
1106 3296 1163 3355 sibi
1185 3318 1233 3354 re·

181 3384 258 3458 lint,
276 3385 416 3443 nondum
434 3386 582 3464 intelligo.
599 3387 676 3445 Nam
690 3405 760 3467 quae
776 3387 808 3444 in
822 3383 965 3445 vocabuli
981 3383 1066 3441 istius
1083 3382 1234 3464 significa-

181 3472 324 3532 tionibus
347 3472 384 3530 ad
411 3472 539 3533 fabellas
564 3472 684 3532 l'luedri
709 3472 926 3553 detorquendis
947 3470 1048 3530 moliti
1071 3487 1143 3530 sunt
1166 3473 1233 3530 Viri

183 3560 375 3634 Doctissimi,
389 3563 451 3620 vim
467 3562 578 3622 afferre
591 3562 735 3621 videntur
748 3563 815 3621 usui
831 3576 980 3643 perpetuo
994 3572 1040 3620 τοῦ
1054 3560 1205 3641 improbus.
1216 3584 1231 3612 a

184 3650 291 3728 Aquo
310 3660 414 3708 tamen
433 3649 571 3708 dissentit
589 3647 626 3707 cl.
644 3650 757 3729 lange,
779 3650 881 3709 nescio
901 3669 941 3707 au
960 3664 1051 3723 recte,
1071 3663 1182 3706 notans
1203 3649 1232 3705 iu

181 3734 326 3817 Prolcgg.
338 3736 376 3794 ad
388 3735 507 3796 Plraedr.
522 3759 551 3818 p.
563 3738 598 3795 X.
613 3763 626 3791 a
637 3738 697 3796 llas
709 3752 788 3796 wort
799 3738 956 3820 improbus,
968 3739 1085 3820 inquit,
1097 3736 1151 3796 hat
1161 3756 1232 3794 man

183 3821 348 3905 allgeurein
368 3824 464 3884 falscb
484 3824 675 3885 verstandeu.
698 3824 773 3885 Selrr
794 3826 895 3907 witzig
915 3841 1011 3885 ncnut
1031 3824 1154 3885 Martial
1174 3824 1234 3882 den

181 3911 334 3972 Phaedrus
350 3914 509 3995 improbus,
529 3916 596 3974 weil
616 3914 680 3974 dics
696 3918 746 3975 eiu
764 3915 998 3995 Lieblingswort
1019 3936 1080 3972 von
1102 3912 1165 3971 ilmr
1183 3913 1234 3971 ist.

182 4002 315 4063 welches
328 4024 361 4062 so
374 4003 479 4086 haulig
493 4004 556 4064 und
569 4008 601 4064 in
615 4027 648 4065 so
661 4005 803 4087 viclcrley
813 4008 1030 4086 lletlcutungen
1044 4003 1232 4063 vorltommt.

179 4092 255 4153 dass
269 4114 301 4153 es
317 4093 378 4153 den
395 4093 542 4155 Pltaedrus
561 4094 630 4154 sclrr
647 4097 750 4173 witzig
767 4094 1009 4167 clrnralitcrisirt.
1029 4094 1110 4153 und.
1130 4090 1164 4149 so
1178 4090 1234 4148 tric

221 4281 261 4345 :sil
271 4284 302 4334 ln
314 4285 376 4336 Not.
393 4286 427 4338 ad
439 4286 551 4340 blartial.
566 4286 660 4340 locum.
