2820 5018
207 463 267 530 ,ει
330 461 401 561 rp.
421 453 514 523 sos.
536 449 836 522 nesam-sons
852 449 1122 520 ‘unnrsrro

199 605 356 668 &mensis
364 600 509 662 haberem
518 594 732 657 certissimam
743 590 1249 677 quodqnumpcnolssodltioues

200 686 498 769 Pishoei,lligeltiive
509 684 613 744 minus
622 679 742 756 fideles,
752 701 847 762 quam
859 685 1014 764 oportuit,
1026 700 1176 768 praetem
1186 710 1247 752 m

199 800 337 866 possem,
357 786 587 862 peropportune
601 769 790 839 bibliotheca
805 772 904 833 nomi
922 770 1246 859 olim'Co'llegiiPui-

198 870 305 932 simsis
320 865 526 952 suppeditavit
541 863 666 924 missurn
681 861 782 922 Remis
795 859 834 920 ad
849 863 958 924 Fraus.
969 865 1177 928 vavassorem
1190 872 1247 954 epi-

201 959 328 1034 stolem,
338 978 408 1040 que
420 956 563 1018 lecnona
572 954 673 1013 varias
685 952 1168 1041 complutusetlsbulesaliquot
1177 962 1248 1021 ints

200 1069 286 1134 μω,
300 1047 432 1108 flenter
444 1045 620 1126 ascriptas,
634 1043 829 1119 manem·
838 1063 934 1124 qum
945 1045 1079 1137 pisam
1092 1050 1249 1132 ‚aspum

149 1139 152 1143 ’
198 1139 377 1202 sensissem
390 1136 551 1216 diligenter
565 1132 684 1194 contuli
695 1152 766 1193 curn
781 1133 872 1192 variis
883 1133 1087 1212 lectionibus,
1099 1157 1135 1197 ex
1143 1138 1246 1204 eodem

199 1227 314 1291 Codioe
324 1225 465 1289 Remensi
480 1245 498 1283 a
512 1220 644 1303 Rigaltio
658 1219 825 1302 Gudioque
837 1224 1000 1304 excerptim
1019 1223 1135 1286 deinde
1150 1229 1247 1288 varies

187 1299 374 1380 -lectiouese
387 1311 550 1377 Pitboeano
566 1311 680 1372 Codice
698 1331 764 1371 non
782 1310 884 1371 solum
898 1312 938 1372 sb
955 1310 1024 1394 ipso
1040 1311 1182 1392 Pitbmo,
1199 1315 1246 1376 ssd

199 1407 293 1469 stiam
308 1425 327 1464 a
339 1401 500 1475 Nevdeto,
512 1399 700 1480 demumque
714 1420 731 1458 e
744 1395 893 1460 Cbartuls
909 1401 991 1460 Petri
1003 1401 1149 1464 Danielis
1165 1425 1185 1463 a
1201 1405 1246 1464 lli·

111 1507 113 1511 ’
200 1494 296 1578 geltio
309 1491 452 1554 collectas
465 1488 590 1549 discussi
604 1497 634 1546 et
646 1487 775 1547 invicem
790 1491 968 1549 commissus
980 1491 1169 1552 miuron

239 1586 347 1645 Fretus
360 1579 407 1642 bis
421 1576 562 1639 subsidiis
577 1597 655 1658 opus
670 1574 793 1636 Pboedri
807 1577 1001 1652 universum,
1013 1578 1038 1637 si
1054 1599 1122 1638 non
1135 1598 1173 1640 u
1184 1591 1247 1641 tote

200 1666 1107 1837 asenjnsttssttnetsints:
1117 1670 1247 1830 tm

199 1871 250 1912 me
265 1856 354 1932 posse
367 1845 490 1907 credidi.
503 1842 594 1920 Quod
608 1857 643 1904 nt
654 1862 843 1923 exsequerer,
857 1862 1020 1924 nunquam
1037 1842 1105 1906 fere
1114 1843 1248 1906 riscus

200 1941 294 2001 nibus
306 1949 443 2013 veterum
456 1932 623 2007 Codicum,
641 1933 702 1992 nisi
719 1931 773 1991 nbi
789 1953 877 1994 error
893 1932 1095 1995 librationum
1110 1932 1247 1996 milo·

69 2095 72 2101 7
200 2042 250 2089 tus
273 2023 568 2109 deprehenderetur,
593 2019 671 2080 mibi
692 2027 754 2082 'esse
777 2022 980 2084 recedendum
1006 2025 1138 2085 censui:
1165 2040 1248 2107 usqae

200 2129 276 2178 tunc
291 2118 384 2176 etiam
403 2127 440 2175 ut
456 2112 657 2184 mutationes,
678 2129 747 2192 quie
766 2109 853 2187 factae
869 2112 1012 2186 fuissent,
1025 2113 1134 2194 quivis
1144 2112 1248 2198 dijudi-

201 2227 270 2267 care
284 2218 397 2288 posset,
410 2201 592 2282 scripturam
605 2214 752 2276 veterem,
769 2203 970 2282 quantumvis
988 2201 1179 2281 absurdam,
1193 2203 1248 2288 pls·

202 2315 334 2374 rumque
347 2290 469 2373 subjeci.
1077 2328 1078 2331 η
1150 2318 1158 2323 ·*

240 2382 335 2442 Notas
355 2380 475 2451 breves,
496 2396 608 2456 easque
629 2377 759 2438 minime
783 2391 944 2461 perpetuas
964 2377 1098 2461 adjicere
1114 2381 1247 2464 primu

201 2483 385 2541 statueram-3
409 2466 495 2548 quod
516 2480 545 2525 et
564 2464 657 2527 fuisse
677 2467 848 2549 praestitum
867 2468 901 2528 in
922 2469 1025 2550 priore
1045 2468 1150 2532 Libro
1167 2469 1250 2532 tants

82 2599 84 2602 ·
203 2557 406 2620 animadverti
426 2568 541 2637 potest:
567 2565 599 2614 at
615 2568 735 2637 postea,
754 2577 853 2636 quum
873 2557 1027 2638 refugeres
1043 2560 1177 2621 anim„
1189 2576 1247 2622 m

203 2644 302 2706 multa
320 2663 338 2701 a
360 2663 409 2702 me
430 2642 505 2701 olim
526 2641 632 2702 labore
651 2660 769 2725 magun
789 2660 958 2726 preparata
980 2646 1157 2727 negligere,
1175 2660 1249 2709 tens·

202 2732 326 2811 brisque
340 2729 488 2793 devovere
501 2730 708 2810 sempiternis,
725 2731 953 2794 observationes
968 2733 1067 2816 paulu
1082 2736 1248 2810 maiore,

203 2821 364 2902 multoque
380 2819 601 2901 frequentiores
619 2821 765 2903 excerpsi,
783 2835 814 2882 et
827 2822 866 2883 ab
885 2825 1012 2884 interitu
1030 2823 1073 2884 ad
1087 2824 1196 2907 lunen
1210 2826 1247 2885 vi-

203 2924 328 2991 tamque
340 2909 497 2971 vindicare
510 2909 631 2971 scudui:
651 2932 701 2971 eas
712 2924 816 2972 antem
831 2913 872 2972 ita
886 2927 1067 2975 construere
1080 2935 1155 2976 sum
1165 2922 1247 2977 cous·

202 3017 251 3067 tus
262 3022 298 3062 ac
307 3001 480 3082 disponere,
489 3013 524 3061 ut
536 3000 602 3059 alise
615 3000 1246 3080 criticis,sliae1,itcemsoribus,mnndle

203 3093 296 3152 etiam
311 3091 463 3152 tironibus
475 3090 593 3173 plaeere
607 3089 742 3171 possint:
763 3091 806 3150 ibi
818 3094 902 3151 enim
913 3092 953 3153 de
963 3093 1057 3154 variis
1068 3094 1154 3156 MSS.
1162 3093 1247 3157 Codi-

204 3201 276 3239 cnm
292 3179 474 3240 lectionibus
486 3190 516 3239 et
526 3178 717 3239 eruditorum
734 3178 917 3261 conjecturis
933 3182 1112 3258 disseritur,
1130 3184 1173 3244 ibi
1188 3181 1245 3243 lni-

203 3267 284 3328 uitas
298 3267 419 3328 Phaedri
435 3263 498 3328 non
512 3267 606 3328 modo
618 3267 806 3345 defenditur,
819 3272 843 3332 si
855 3270 982 3352 quando
997 3272 1031 3331 in
1046 3274 1245 3355 euspicium

203 3369 312 3415 vocata
326 3357 377 3430 sit,
390 3355 440 3416 sed
454 3359 570 3438 passim
579 3357 671 3415 etiarn
684 3357 828 3440 exemplis
842 3360 1011 3420 ductorum
1025 3358 1171 3421 adductis
1182 3357 1245 3419 rnn-

205 3439 364 3515 firmatum
383 3444 425 3502 ibi
440 3442 611 3505 locutiones
624 3442 760 3525 ejusdem
774 3445 868 3528 paulo
882 3444 1074 3519 difficiliores
1086 3447 1244 3532 explanare·

203 3546 271 3607 tur,
290 3553 423 3613 quarum
443 3534 610 3593 nonnullas
623 3533 671 3594 vel
690 3534 821 3617 imperiti
840 3534 921 3594 mele
939 3550 1029 3596 emat
1046 3534 1242 3620 intepretati,

184 3620 253 3680 'rel
264 3621 417 3682 doctiores
432 3622 620 3702 reliquerant
638 3644 763 3705 prorsus
782 3625 927 3696 intactam
945 3624 991 3683 nn
1001 3623 1145 3706 denique
1152 3641 1241 3685 moret

204 3732 240 3771 ac
254 3712 330 3770 ritus
344 3711 545 3792 antiquomm
557 3714 634 3773 varii
648 3728 861 3797 exponuntur3
880 3713 1091 3799 doctrinasque
1103 3715 1195 3776 etiem
1206 3732 1241 3774 re

204 3796 385 3859 conditionis
397 3797 554 3857 interdum
568 3820 679 3861 arcana
692 3801 874 3862 revelantur.

243 3888 333 3946 Nunc
347 3907 436 3961 vern,
451 3908 549 3967 quum
563 3886 698 3951 bominis
715 3891 882 3952 Christiani
896 3890 1044 3973 dignitas,
1062 3914 1127 3974 qua
1144 3889 1240 3974 glorie

204 3998 290 4050 mur,
301 3976 455 4057 postulare
466 3977 634 4056 videretur,
646 3995 681 4041 ut
692 3980 937 4042 abscinderemus
949 3981 989 4041 ab
999 3981 1139 4057 editione
1149 3991 1239 4057 notin

203 4064 354 4152 quidquid
371 4066 537 4128 obscenum
552 4066 643 4144 foret,
658 4091 722 4131 non
736 4091 815 4151 aegre
829 4070 1128 4153 obtemperavimns3
1146 4085 1176 4132 et
1185 4068 1242 4136 titt

204 4158 466 4238 tergiversatione,
486 4159 561 4240 quid
583 4163 616 4220 in
637 4155 718 4221 hanc
739 4183 803 4223 rem
823 4174 1016 4244 patraturus
1036 4161 1128 4224 uoltis
1145 4157 1240 4228 fissit·

203 4246 435 4308 declarabimus.
454 4248 540 4309 Libri
558 4251 650 4333 primi
668 4250 776 4312 fabula
791 4253 904 4329 XXIX,
917 4272 1023 4314 versus
1041 4254 1202 4336 septimum
1216 4255 1242 4306 0¹
