2820 5018
383 438 475 504 Lto.
500 439 531 515 l,
556 436 649 501 FAB.
674 436 784 501 Vlll.
1042 438 1105 506 365

63 584 234 649 Incolume
245 584 432 663 abstuleris,
447 601 479 648 et
493 582 679 647 mercedem
692 583 848 669 postules.

400 785 658 880 FABULA
689 785 774 877 IX.

410 998 551 1051 rassun
569 997 617 1048 nr
636 995 764 1067 uerus
844 956 848 964 ¹

61 1174 129 1240 Sibi
143 1199 211 1239 non
223 1199 353 1253 cavere,
368 1191 400 1239 et
412 1175 482 1239 aliis
495 1173 669 1238 consilium
682 1171 776 1249 dare,

61 1342 283 1405 particular,legent
290 1378 297 1398 ,
305 1359 357 1407 qun
365 1359 437 1406 qnmu
446 1358 503 1388 orec
512 1349 589 1387 nostro
596 1349 674 1396 rapot.
682 1365 712 1375 -
724 1355 757 1384 ta.
768 1337 878 1401 postules.
889 1341 925 1385 Sic
932 1353 994 1388 reete
1003 1358 1114 1406 reposue-

60 1426 117 1458 runt
128 1412 236 1460 iiittersh.
249 1414 332 1460 Faber.
344 1416 421 1460 Ursin.
435 1415 570 1472 ilnogstrat,
581 1410 676 1457 Bentlei.
691 1412 828 1471 Heusinger.
842 1427 900 1472 quos
914 1423 936 1455 et
951 1428 994 1472 ego
1006 1416 1028 1458 in
1041 1419 1113 1478 priori

62 1483 163 1530 editione
175 1498 269 1531 teentnt
280 1501 339 1531 snm.
352 1487 386 1530 lm
398 1496 421 1530 et
433 1483 599 1537 uesntttontui,
613 1482 711 1528 llidotus
723 1484 745 1526 iu
758 1483 862 1527 i'ditione
872 1495 1017 1545 sterentypa,
1030 1491 1114 1549 bipon-

61 1556 111 1600 tint.
128 1556 229 1601 Postulat
240 1557 301 1601 eninr
314 1557 423 1601 orationi·
435 1567 569 1607 contextus,
582 1565 607 1600 ut
618 1553 708 1613 legatur
719 1551 828 1614 postules.
844 1554 894 1598 Non
907 1557 968 1598 enim
981 1554 1032 1602 dicit
1046 1559 1113 1620 lupus

62 1627 153 1686 t'uqrntn
164 1640 188 1671 es
199 1636 222 1672 et
231 1625 347 1687 postulas,
361 1625 425 1687 quod
438 1625 518 1671 volunt
531 1624 642 1671 Senener.
657 1635 680 1668 et
692 1625 770 1668 llurnr.
784 1623 822 1668 sed
836 1626 922 1687 inqmtn
934 1639 971 1680 es,
983 1642 1035 1688 quoe
1045 1634 1051 1683 i
1062 1632 1076 1674 i.
1091 1646 1112 1676 e.

61 1708 133 1757 quum
142 1699 148 1752 )
158 1705 227 1758 caput
237 1695 346 1741 nualume
357 1695 489 1747 abstuleris,
501 1704 523 1740 et
533 1693 641 1757 postules.
655 1693 763 1738 Constant
776 1693 851 1738 reddit
862 1709 905 1738 ctu·
919 1696 1030 1754 ingratam
1044 1700 1112 1747 dicet.

63 1765 117 1809 vid.
130 1767 266 1828 Heusinger.
278 1780 300 1813 et
311 1767 412 1813 Harlesii
420 1770 499 1828 Progr.
511 1766 576 1830 quod
584 1765 675 1811 lundeti
685 1765 715 1810 ed
724 1765 763 1811 lib.
774 1767 798 1821 l,
809 1763 855 1809 tab.
870 1765 904 1821 ll,
920 1780 954 1826 ¹7·
965 1767 1063 1814 brotier.
1076 1781 1113 1817 ta-

62 1849 118 1880 men
129 1838 223 1882 retinuit
234 1838 346 1901 postules.

64 1978 145 2029 tentia
164 1981 271 2049 jacebit.
290 2012 326 2022 -
344 1999 409 2055 quoe.
433 1980 570 2051 Eleganter
609 1982 709 2033 Emest.
723 2001 749 2052 p.
765 1982 829 2034 108:
843 1980 988 2051 Aphthonii
1000 1981 1053 2032 fab.
1065 1980 1113 2049 25,

64 2060 178 2127 positum
196 2079 244 2131 pro
259 2081 338 2133 quum
361 2073 396 2112 tu.
421 2063 568 2111 Pronomen
610 2060 681 2130 apud
695 2060 784 2112 Nevel.
800 2080 826 2131 p.
846 2060 894 2126 341
915 2081 920 2109 :
941 2061 1046 2127 ignatii,
1068 2080 1114 2114 seu

63 2137 134 2187 enim
147 2141 204 2209 qui,
220 2158 290 2211 quoe,
304 2142 388 2212 quod,
405 2144 432 2192 in
447 2141 568 2192 omuibus
609 2141 711 2193 Gabrie
723 2141 776 2194 fab.
788 2142 836 2209 39,
848 2161 890 2211 ap.
901 2139 991 2192 Nevel.
1005 2160 1031 2212 p.
1046 2142 1112 2212 377:

65 2221 119 2269 suis
146 2221 249 2272 casibus
274 2220 407 2293 eleganter
430 2221 569 2274 adhibetur
609 2219 712 2271 Romuli
734 2221 836 2271 Diriun.
857 2218 902 2269 lib.
923 2220 946 2281 l,
968 2217 1021 2269 fab.
1038 2221 1094 2271 Vlll
1105 2243 1112 2273 ε

63 2301 391 2373 proeonjunctionequum
400 2314 426 2351 et
436 2301 569 2371 pronomi·
609 2300 739 2371 Anonymi
753 2298 843 2350 Nevel.
859 2296 912 2348 fab.
924 2299 996 2348 Vlll:
1010 2299 1115 2372 Anony-

57 2375 143 2427 nibus
153 2377 319 2431 substantivis
330 2399 403 2451 teque
418 2399 448 2431 ac
460 2379 570 2431 demon-
609 2383 645 2431 mi
663 2380 772 2432 Nilantii
792 2379 845 2432 fab.
868 2378 948 2429 thv
959 2401 964 2429 :
989 2379 1114 2449 Lessingii

64 2457 189 2522 arauris,
205 2472 230 2510 et
244 2473 307 2510 tunc
321 2473 429 2529 propter
441 2462 568 2529 conjunc·
608 2458 651 2511 lib.
668 2462 704 2524 ll,
723 2460 776 2510 fab.
792 2459 817 2525 4.
840 2459 936 2510 Eadem
948 2458 1037 2510 fabula
1053 2480 1114 2513 nar-

65 2537 164 2586 tionem
174 2537 417 2609 subintelligendam
429 2541 494 2609 regit
508 2559 569 2591 cun·
607 2554 680 2593 ratur
692 2542 719 2590 iu
737 2540 857 2591 Bocharti
872 2540 1015 2590 liicrnzoic.
1033 2542 1060 2590 P.
1075 2542 1113 2608 ll,

60 2617 216 2685 Junrtivum.
232 2617 354 2688 Exempla
369 2618 448 2669 habet
464 2619 568 2670 Curtius
607 2616 652 2670 lib.
665 2620 690 2683 l,
704 2640 726 2672 c.
744 2637 788 2684 12,
801 2619 833 2669 de
844 2619 931 2668 Leone
944 2631 969 2669 ct
982 2637 1042 2682 ave,
1057 2639 1113 2690 quie

64 2692 99 2743 ad
107 2694 159 2745 Cic.
168 2697 234 2767 Epp.
245 2697 276 2747 ad
284 2699 341 2748 Div.
349 2698 394 2762 lV,
404 2699 452 2768 Ep.
463 2698 493 2761 3,
502 2703 532 2747 n⁰
543 2716 565 2749 n.
608 2696 703 2749 dieitur
716 2698 785 2748 Kore
799 2696 947 2770 AEqyptius.
964 2699 1051 2749 Exstat
1068 2719 1113 2751 au·

64 2773 123 2824 vid.
137 2775 244 2827 Harlesii
255 2779 342 2847 progr.
355 2780 397 2828 eit.
608 2786 660 2827 tem
676 2775 719 2826 hio
734 2774 871 2847 Apologus
888 2775 1008 2826 Sectione
1023 2779 1112 2846 erlV‚

104 2857 289 2919 inabstuleris,
298 2859 425 2909 extuleris.
433 2857 474 2909 Sic
480 2860 566 2909 Anon.
607 2853 666 2905 libri
678 2857 844 2906 vetustissimi
856 2854 1001 2905 Bercschitlr
1013 2859 1112 2923 dobba,

63 2933 117 2988 Nil.
127 2949 152 2984 et
161 2934 484 2987 Romulus—incolume.
494 2938 569 2987 AEto-
608 2934 739 3006 habetque
754 2949 887 2986 auctorem
902 2937 931 2984 ll.
949 2936 1041 2986 Josute.
1059 2940 1114 2990 Etsi

62 3035 115 3088 pus
131 3036 137 3062 :
160 3010 231 3078 unipes
253 3016 327 3075 oriar,
346 3014 418 3080 uadit
436 3016 566 3069 παθοῦσαι,
608 3033 668 3064 vero
682 3015 735 3063 avis
748 3014 816 3063 Kore
828 3026 865 3064 est
876 3012 946 3080 longi
957 3017 1046 3074 rostri,
1059 3034 1112 3066 non

63 3109 89 3146 et
101 3090 270 3163 Aphthonius
283 3115 289 3143 z
301 3093 397 3151 areanis
410 3091 523 3158 circipani.
533 3125 569 3135 -
608 3108 695 3145 tamen
706 3113 737 3144 cx
748 3093 859 3144 ttebraeae
869 3091 964 3143 fabulae
975 3112 1034 3143 cum
1044 3096 1113 3148 Gne-

62 3172 221 3236 mercedem,
235 3175 307 3242 quasi
319 3191 373 3222 non
385 3174 448 3223 satis
460 3174 491 3223 sit
504 3193 569 3225 mer·
609 3193 639 3226 ca
652 3189 676 3224 et
687 3176 804 3225 Romana
815 3170 956 3223 collatione
967 3174 1053 3243 colligi
1065 3197 1111 3245 po-

63 3251 150 3316 cedo,
162 3250 233 3322 quod
242 3252 320 3301 vitam
330 3250 378 3301 tibi
386 3253 567 3303 concesserim.
609 3270 673 3319 test,
688 3255 807 3307 eamdem
819 3273 875 3305 esse
888 3272 946 3304 cum
958 3274 1031 3323 grue.
1046 3260 1113 3311 Nam

62 3330 165 3401 Scheff.
185 3330 320 3382 Mercedes
333 3327 439 3380 medicis
455 3331 568 3398 prestari
609 3348 638 3386 ut
659 3335 759 3385 lleltrtei
776 3332 839 3402 lupo
857 3333 984 3398 Leonem,
1004 3338 1038 3386 ita
1053 3341 1112 3408 grui

63 3411 190 3464 dicuntur
205 3430 220 3461 n
237 3423 296 3461 vett.
313 3411 383 3461 lCtis
397 3428 440 3480 ep.
456 3410 566 3461 lirisson.
608 3427 750 3485 potuerunt
768 3412 844 3463 aliam
860 3432 933 3463 avem
947 3414 1111 3472 substituere.

63 3492 99 3543 de
120 3491 227 3543 verbor,
249 3490 362 3561 Signific.
382 3492 436 3540 ilic.
459 3488 492 3539 nd
511 3490 567 3540 lliv.
608 3495 639 3542 V.
654 3492 773 3543 Bochart.
788 3491 883 3542 Probat
895 3491 962 3545 idem
972 3495 1010 3545 vir
1019 3496 1112 3552 doctus

63 3573 139 3636 W,
160 3574 207 3644 Ep.
235 3574 278 3639 'Aa
301 3570 424 3622 «medico
442 3568 568 3621 mercedis
609 3572 1113 3646 helrrreonomineKorenousiguiiicari

63 3666 193 3725 quantum
210 3664 299 3723 poscet
314 3651 430 3723 promitti
440 3649 542 3720 jubeto.
555 3675 566 3696 n
609 3652 755 3723 perdicem,
781 3664 809 3702 ut
829 3650 965 3724 hucusque
986 3658 1113 3712 creditum

62 3735 205 3788 Hartman.
228 3732 411 3804 Aphthonius:
431 3732 512 3796 μίσθος
529 3731 570 3787 ‘rie
610 3745 661 3792 est,
677 3730 721 3782 sed
736 3730 864 3781 meticulae
877 3750 969 3801 genus.

63 3813 162 3875 ieiune,
190 3814 337 3866 Artztloltu.
362 3816 446 3866 Antea
470 3813 570 3865 dixerat
645 3814 743 3863 Fanutt
761 3812 805 3863 lli.
826 3814 915 3864 Passer
932 3824 958 3864 et
971 3815 1058 3887 lepus.
1076 3844 1112 3859 —a

60 3899 192 3972 pretium,
213 3895 306 3947 deinde
323 3895 474 3967 premium,
499 3912 569 3945 nune
613 3912 634 3945 r.
647 3913 749 3956 cauere,
762 3892 905 3945 consulere.
919 3896 988 3946 luris
1000 3911 1025 3948 et
1034 3901 1111 3951 JCto·

63 3976 215 4030 mercetlem.
610 3992 665 4025 rum
677 3972 785 4023 verbum
801 3985 852 4035 est,
868 3992 948 4043 quum
964 3973 997 4024 ab
1010 3974 1048 4026 his
1060 3998 1113 4028 mo·

103 4057 178 4105 lianc
190 4054 304 4106 fabulam
318 4073 441 4125 compara
457 4073 517 4104 cum
532 4055 569 4106 ln·
609 4067 705 4104 nentur
720 4054 896 4121 juvanturque
911 4051 1021 4104 consilio
1034 4054 1112 4106 clien-

63 4134 131 4190 hula
148 4135 235 4205 AEsopi
250 4136 311 4201 tid,
325 4155 365 4206 ap.
377 4134 466 4187 Nevel.
477 4156 503 4205 p.
519 4135 569 4186 206
609 4145 661 4193 tes,
683 4149 715 4180 ne
732 4147 805 4180 suam
824 4130 1000 4182 conditionem
1016 4135 1114 4190 faciant

65 4236 123 4288 neq.
144 4216 169 4265 iu
186 4214 253 4265 Edit.
270 4216 445 4289 lleuptmaun.
466 4231 491 4284 p.
511 4212 568 4265 toll.
609 4211 772 4263 deteriorem.
790 4209 843 4258 Cic.
862 4211 916 4262 Off.
935 4212 971 4285 ll,
992 4210 1041 4278 65,
1064 4217 1112 4273 ι’,
