2820 5018
403 460 714 533 ursrnrsrro
737 461 815 529 111..
966 532 969 539 .
1068 475 1128 543 na
1217 428 1219 433 Α

76 613 227 667 octavum
241 600 399 683 ejecimus,
417 601 555 683 aliosque
573 600 649 667 duos
666 602 700 665 in
718 623 827 667 eorum
847 603 952 671 locum
971 611 1129 679 substitui·

77 712 168 768 mus,
181 692 234 755 aed
246 692 377 770 Italicis,
394 705 646 775 quaroeautur,
657 690 764 755 litteris
775 693 884 757 excudi
902 696 1074 780 voluimus,
1094 720 1130 768 ut
1183 688 1185 693 ’

77 779 151 841 illos
161 798 225 842 esse
235 777 408 851 subdititiae
420 779 524 843 Critici
537 780 639 842 statim
651 780 872 862 intelligerent:
886 787 1008 848 tertiam
1019 789 1129 854 deinde

75 881 110 929 et
123 867 319 933 undecimam
332 869 415 935 tertii
433 867 517 935 Libri
537 867 692 946 fabulam,
710 868 844 954 librique
859 875 963 955 quarti
978 875 1130 942 naamam

76 969 241 1041 quartam
252 978 288 1027 ac
300 955 379 1018 duos
390 957 464 1019 istos
474 975 593 1033 versus,
604 959 659 1041 qni
672 978 707 1020 ex
719 956 837 1023 decitna
850 963 940 1029 tertia
951 984 1129 1050 supersunt,

78 1042 174 1127 plena
185 1044 355 1115 omisimus.
368 1043 468 1112 Aliam
480 1057 626 1127 praterea
640 1044 815 1128 longiorem
826 1047 864 1109 de
875 1051 998 1116 Canum
1010 1055 1131 1136 [tegatis

77 1131 120 1197 ad
132 1134 256 1210 doram,
266 1155 337 1216 qua
346 1135 431 1196 Libri
441 1135 543 1215 quarti
557 1133 674 1197 decima
685 1136 814 1220 septima
827 1150 884 1214 est,
897 1141 1058 1224 repudiare
1068 1146 1130 1228 pri·
1167 1131 1170 1135 ⁵

77 1241 170 1282 mum
182 1220 389 1299 decreveram,
404 1222 490 1306 quod
506 1222 611 1285 fanda
624 1226 663 1285 sit
678 1237 708 1287 et
723 1225 813 1288 valde
826 1225 966 1304 inficeta3
984 1243 1016 1292 at
1029 1241 1128 1313 quum

76 1310 237 1393 pudicitia
251 1311 369 1394 legibus
387 1334 454 1374 non
471 1312 663 1392 adversetur,
677 1315 872 1381 retinendam
892 1318 977 1381 illam
993 1336 1128 1404 postmo·

77 1398 157 1460 dnm
171 1399 323 1482 judicavi:
342 1423 431 1463 aures
446 1414 550 1462 tamen
567 1401 709 1463 delicatas
726 1405 876 1482 obtestor,
895 1421 985 1469 utne
1002 1411 1035 1470 id
1049 1409 1127 1472 mibi

76 1487 199 1570 probru
211 1502 347 1566 vertant,
358 1506 390 1551 at
400 1493 501 1574 potius
512 1513 633 1553 mecum
643 1493 730 1577 jocos
744 1496 816 1556 istos
831 1497 958 1559 miseros
970 1498 1128 1560 tolerando

76 1590 276 1640 contemnere
289 1581 435 1643 audeant.

118 1669 169 1728 Jo.
188 1670 284 1730 llenr.
305 1672 449 1745 Ursinus,
470 1672 521 1731 vir
531 1671 655 1748 doctus,
670 1693 754 1733 anno
766 1671 832 1754 jam
851 1675 939 1759 1657,
952 1679 1127 1741 Ratisbonae

77 1755 160 1818 itt-8⁰
178 1755 344 1821 Phaedrum
361 1772 565 1842 expurgatum
583 1782 656 1821 cum
673 1764 755 1823 notis
768 1762 922 1824 ediderat:
945 1767 1027 1848 quod
1049 1789 1128 1849 aegre

76 1844 179 1905 ferens
202 1847 251 1907 lo.
274 1846 456 1924 Scbefferus,
479 1846 600 1932 praefat.
621 1848 661 1910 ad
682 1848 753 1910 edit.
776 1872 808 1926 a,
830 1854 964 1933 optimos
985 1858 1127 1919 auctores

76 1935 250 2019 pervenisse
269 1938 308 1998 ad
327 1959 384 2000 nos
401 1936 462 1999 boc
478 1953 572 2020 pacto
588 1938 703 1999 laceros
723 1952 815 2020 atque
833 1939 983 2003 deformes
1004 1946 1125 2026 objecit.

75 2024 146 2105 Ego
159 2024 302 2105 equidem
321 2027 421 2087 fateor
437 2027 516 2087 illud
529 2028 688 2110 aliquoties
705 2029 748 2088 ita
765 2031 927 2111 contigisse
945 2033 986 2093 ob
1006 2034 1128 2116 religio·

76 2132 145 2173 mm
157 2111 354 2175 librariorum
366 2116 601 2178 verecundiam:
620 2129 652 2176 at
663 2118 717 2198 qui
731 2128 817 2193 sunt,
829 2120 883 2200 qui
896 2123 1000 2203 turpia
1013 2144 1128 2185 monu-

76 2213 183 2264 menta
196 2202 244 2262 rel
256 2205 378 2289 penitus
389 2204 583 2267 intercidisse·
591 2204 709 2281 dolent,
724 2205 771 2266 vel
786 2207 928 2271 mutilata
944 2209 1036 2273 fuisse
1051 2233 1124 2273 con·

76 2290 273 2374 queruntur?
285 2293 480 2355 Litteratores
493 2315 604 2379 nempe
624 2292 777 2356 honestati
794 2293 857 2356 fere
872 2295 950 2358 nibil
966 2300 1126 2361 consulen-

75 2394 136 2455 tes,
149 2393 179 2440 et
192 2381 343 2465 quidquid
357 2379 468 2458 effudit
479 2384 647 2446 ductorum
659 2398 795 2446 veterum
809 2384 960 2448 effrenata
973 2388 1127 2453 scribendi

76 2471 217 2547 libertas,
233 2483 287 2533 aut
302 2493 517 2556 recognoscere
533 2473 749 2556 discupientes,
769 2489 822 2537 aut
839 2475 945 2540 inscite
960 2492 990 2538 et
1003 2499 1040 2540 eo
1059 2492 1127 2541 tan·

75 2573 146 2622 mm
160 2561 306 2638 nomine,
319 2563 392 2644 quia
406 2575 490 2624 vetus
506 2576 568 2638 est,
581 2561 777 2631 admirantes.
796 2564 856 2627 Sua
873 2577 979 2627 tamen
997 2565 1050 2626 illa
1068 2566 1126 2629 mi·
1211 2617 1214 2620 <

75 2669 144 2710 sera
157 2650 363 2713 sollicitudine
380 2673 533 2713 macerare
544 2673 576 2713 se
591 2651 742 2713 desinant.
758 2652 841 2713 Olim
858 2653 985 2735 quidem
1001 2655 1040 2714 ad
1055 2676 1127 2738 pro-
1192 2716 1194 2720 .

76 2737 262 2815 videndum,
286 2761 325 2800 nc
346 2754 548 2802 monumenta
572 2738 783 2823 hujuscemodi
808 2741 926 2824 aliquid
949 2743 1126 2807 detrimenti

75 2839 238 2906 caperent,
265 2829 394 2889 excitare
421 2850 487 2889 non
510 2827 672 2890 inhoneste
695 2843 816 2912 poterat
845 2830 999 2892 librorum
1028 2853 1125 2894 manu

76 2926 274 2977 exaratorum
293 2918 449 2999 pancitas:
469 2938 554 2979 nunc
566 2938 640 2977 vero
655 2917 734 2979 illud
749 2919 831 2978 idem
849 2920 1039 2980 extimescere
1052 2919 1126 2979 stul·

75 3014 150 3062 tum
162 3015 218 3077 est,
232 3025 330 3086 quum
344 3003 493 3064 editiones
508 3006 677 3065 tinctorum
691 3007 823 3066 maxime
837 3005 1066 3088 impudicorum
1081 3007 1127 3068 itt·

73 3092 286 3152 numerabiles
303 3113 357 3174 per
374 3093 454 3152 latus
470 3093 560 3153 nobis
580 3114 693 3175 perque
707 3106 799 3176 caput
815 3093 953 3173 undiquc
967 3094 1078 3153 saliant
1091 3114 1126 3154 ac

72 3180 272 3265 pervolitent.
286 3182 377 3244 Viros
390 3182 502 3264 Georg.
515 3181 690 3259 Walcbius,
704 3181 821 3242 dissert
839 3183 879 3242 ad
896 3180 1016 3243 Pbaedr.
1029 3204 1060 3265 p.
1072 3203 1129 3262 91,

72 3285 106 3334 et
120 3273 287 3334 sanctiores
303 3288 333 3333 et
346 3271 556 3356 prudentiores
572 3286 681 3349 vocat,
695 3272 749 3356 qui
768 3293 872 3333 versus
889 3271 1008 3333 Phaedri
1022 3275 1127 3335 minus

71 3377 159 3423 caste
172 3365 375 3444 conscriptos,
391 3375 481 3444 atque
495 3362 579 3423 aetati
593 3363 740 3422 teneriori
755 3362 920 3424 damnosos
934 3374 1125 3423 resecarunt:

72 3465 109 3511 at
124 3452 189 3533 ipse
206 3453 301 3527 cavit,
315 3473 354 3512 ne
368 3452 416 3511 vir
427 3452 564 3512 sanctior
583 3451 824 3534 prudentiorque
843 3450 1024 3526 baberetur3
1043 3453 1126 3513 satis-

71 3561 139 3622 que
152 3562 184 3599 se
197 3541 358 3601 defendere
373 3540 429 3600 sibi
447 3542 528 3602 visus
546 3553 602 3616 est,
620 3542 644 3601 si
660 3541 744 3602 nolle
762 3561 792 3601 se
810 3541 943 3621 denique
958 3541 1126 3603 editionem

74 3650 167 3690 suam
185 3630 328 3691 mutilare
344 3629 520 3691 declareret.
543 3632 605 3690 Nos
624 3651 712 3706 vero,
734 3632 868 3711 ingenue
886 3629 1035 3707 fatemur,
1057 3652 1127 3692 nos·

74 3729 161 3776 tram
178 3716 257 3778 hanc
273 3718 500 3779 mutilavimus:
520 3739 620 3798 neque
639 3719 765 3779 mitiora
784 3718 875 3778 rerba
890 3719 929 3778 ad
944 3719 1127 3780 elevandum

74 3803 197 3866 facinus
214 3821 358 3889 putamus
374 3828 436 3868 esse
450 3807 539 3867 nobis
558 3809 754 3891 usurpanda:
775 3808 973 3869 monebimus
989 3821 1128 3884 tantum,

73 3908 139 3956 tres
158 3896 299 3970 fabellas,
315 3917 391 3977 quas
403 3899 619 3979 expunximus,
633 3919 695 3959 esse
710 3896 841 3959 artificio
856 3912 885 3958 et
899 3899 1049 3979 elegantia
1062 3912 1127 3958 tarn

67 3984 178 4067 jejune
201 3987 379 4062 instructas,
405 4002 438 4047 ut
466 3989 538 4069 ipsis
561 4009 606 4046 res
632 3988 779 4049 litteraria
802 4008 903 4049 carere
925 3989 991 4047 sine
1013 3986 1130 4046 damno

71 4093 165 4156 posse
184 4074 331 4135 videatur.
352 4076 389 4134 At
407 4074 512 4135 forsan
530 4077 593 4157 ipse
611 4096 735 4157 quoque
756 4073 900 4135 Phaedrus
919 4094 1020 4133 carere
1038 4072 1127 4132 facile

72 4174 198 4245 poterat
215 4164 364 4239 versibus,
380 4186 459 4246 quos
474 4164 513 4224 ad
528 4162 666 4225 fabulam
684 4164 768 4223 Libri
785 4164 886 4246 quarti
903 4162 1051 4222 decimam
1069 4175 1127 4222 ter·

70 4255 154 4315 tiam
170 4254 397 4339 imperfectam,
408 4256 447 4317 dc
461 4258 563 4319 leone
578 4268 741 4338 regnante,
757 4275 850 4316 ausus
865 4275 934 4316 sunt
950 4251 1130 4336 adjungere
