2820 5018
311 443 375 504 ΑΙ)
398 442 490 505 Lttt
517 444 529 504 l
555 442 648 504 Fan
675 442 857 507 xxvttl.
1045 450 1106 513 525

63 603 198 641 mannus
222 581 325 641 mallet
354 584 544 664 transpositis
570 583 696 642 roribus
721 582 829 663 chrc,
854 584 979 646 dolorem
1003 587 1111 650 hostilis

62 667 171 726 denario
184 666 322 727 ulciscens
340 673 503 750 suppinnis,
521 670 568 728 vel
586 667 671 727 hostis
691 670 729 748 (i.
747 691 771 728 e.
788 670 921 753 hostilis)
937 674 1060 735 dolorem
1082 678 1110 737 d.

63 779 91 815 n.
106 780 127 815 s.
145 779 239 838 qnam
261 758 419 825 lectionem
444 774 524 818 certe
546 759 767 841 praelerendam
791 782 852 820 csse
872 765 1031 824 contendit
1052 767 1111 825 lec·

61 846 138 905 tioni
160 849 323 921 Gronovii‚
351 847 477 908 dolorem
495 848 604 908 ‹lunmo
624 845 755 931 injiciens
773 854 937 932 sunquinis,
963 877 1026 933 pute
1051 854 1111 915 lon·

62 938 128 1016 qius
152 935 253 995 recedit
276 958 294 994 α
322 940 432 1018 scriptis
459 950 486 994 et
515 937 610 1008 editis,
639 951 798 1017 propuputa
822 960 858 997 er
880 942 996 999 Heinsii
1024 945 1109 1004 ciens.

60 1023 121 1082 Nec
138 1023 255 1083 felicior
273 1024 371 1083 eidem
396 1024 515 1082 videtur
533 1023 708 1104 conjectura
726 1026 889 1084 innuittens.
914 1028 1016 1086 «Nam
1034 1050 1063 1088 se
1079 1032 1110 1088 in

61 1109 228 1169 incendium
250 1113 400 1169 inunittere
421 1123 499 1170 reete
519 1111 578 1169 diei
602 1125 713 1191 potest,
738 1126 772 1169 ut
796 1112 877 1193 apml
902 1115 1060 1174 lustinum
1081 1132 1110 1177 et

61 1199 152 1272 alios3
176 1199 224 1259 sed
245 1202 395 1257 irrrmittere
415 1199 503 1258 alicui
523 1197 666 1272 dolorem,
689 1198 797 1260 durrrno
815 1204 980 1282 sanquiniS,
1000 1204 1111 1265 seilicet

61 1289 153 1370 ipsius
171 1287 280 1363 hostis,
304 1307 370 1346 non
392 1289 533 1369 exprimit
554 1287 696 1346 vindicta*
714 1287 805 1369 hujus
826 1311 929 1348 veram
951 1305 1110 1367 naturam,

59 1378 133 1457 quia
146 1376 251 1456 vulpes
265 1376 356 1434 etiarn
369 1395 438 1433 suos
452 1373 569 1433 catulos
585 1376 752 1432 immiscere
766 1374 887 1434 volebat
902 1378 998 1435 rninae
1014 1380 1111 1460 pullo·

60 1487 131 1525 rum
154 1465 299 1546 aqnilae.»
324 1465 529 1541 lleusingero,
553 1464 602 1521 cni
625 1476 689 1521 erat
713 1483 904 1542 persuasum,
927 1465 1031 1526 locum
1051 1492 1113 1530 esse

59 1567 259 1634 corruptum,
290 1550 408 1632 placet:
432 1549 518 1608 hostis
539 1546 637 1608 doloro
658 1547 800 1607 darianum
827 1548 967 1609 ulciscens
993 1561 1111 1636 sanqui-

59 1643 120 1712 nis,
141 1655 175 1699 ut
197 1638 333 1700 ulciscens
356 1650 489 1719 ponatur
509 1657 563 1718 pro
582 1635 697 1708 ulturo5
718 1636 767 1695 sed
788 1637 1040 1717 Cuninghamus:
1059 1647 1111 1708 do.

61 1725 149 1786 lorem
166 1739 193 1786 et
204 1727 312 1807 proprii
328 1723 436 1783 (lanuto
451 1722 590 1783 ulciscens
603 1725 764 1805 sanquint's.
782 1723 942 1783 Prascbius
959 1731 1110 1812 rescripsit

60 1814 162 1883 hostis,
182 1830 217 1874 ut
229 1817 281 1888 sit,
301 1816 421 1872 miscens
439 1812 563 1873 dolorem
578 1811 664 1872 hostis
677 1811 786 1872 danum
799 1816 951 1893 sanqninis
966 1819 1028 1893 sui,
1044 1843 1110 1902 pro-

60 1904 205 1963 bantibus
225 1906 359 1986 Guycto,
376 1905 572 1977 Burmanno,
589 1902 749 1975 Brotieri03
769 1900 806 1961 cl.
823 1901 1025 1966 Tzsehnchius
1047 1913 1111 1970 mit·

62 2009 135 2069 tens,
148 2017 220 2076 pro,
236 1997 369 2066 miscens,
382 1993 436 2051 etsi
448 1994 475 2052 ei
488 2013 552 2052 non
566 1993 685 2073 penitus
698 1992 827 2073 placeat,
842 2006 876 2050 nt
887 1995 1028 2054 omittam
1040 2020 1111 2060 con·

56 2085 207 2170 jecturam
220 2083 353 2142 Gruneri
367 2082 387 2140 l.
403 2102 427 2140 e.
443 2104 511 2163 pag.
530 2083 593 2140 126.
609 2081 664 2140 Sed
678 2094 813 2162 praestat,
828 2081 988 2142 lectionem
1004 2086 1110 2168 vulga·

60 2188 139 2248 tom,
156 2175 209 2234 etsi
229 2194 291 2231 non
311 2184 411 2230 eareat
426 2171 620 2243 difficultate,
641 2173 782 2243 retinere,
803 2191 897 2250 quam
915 2172 1023 2233 dubias
1040 2177 1109 2239 istas

60 2275 152 2344 atquc
165 2264 293 2322 incertas
305 2257 492 2340 conjecturas
502 2259 669 2318 admittere.
681 2259 828 2319 Eamdem
838 2274 948 2341 prater
959 2264 1108 2344 Fabrnnr,

59 2354 223 2427 Ursinnm,
236 2352 327 2425 alios,
340 2365 518 2431 receperunt
530 2351 694 2432 Bipontini.
708 2350 736 2408 Si
751 2349 824 2431 quid
837 2372 909 2409 vero
922 2355 1108 2418 mutandum

59 2459 116 2518 est,
141 2443 386 2503 emendationem
411 2438 542 2499 Praschii
564 2439 786 2522 praeferendam
808 2439 940 2500 arbitror
960 2463 1021 2503 esse
1042 2446 1108 2505 reli-

59 2535 137 2615 quis.
147 2534 247 2591 Etiam
257 2527 460 2601 Sehiraehius,
469 2529 505 2587 V.
516 2530 565 2602 D,
577 2527 653 2587 nihil
667 2528 852 2587 mutandum
862 2529 894 2588 in
905 2533 995 2589 veteri
1005 2532 1106 2594 lectio·

59 2647 99 2687 ne
110 2636 224 2696 censet,
237 2622 370 2680 scribens
383 2623 415 2679 in
428 2619 512 2679 Claue
526 2622 558 2679 P.
572 2621 600 2692 I,
612 2642 640 2700 p.
654 2621 720 2679 226.
734 2644 748 2673 a
759 2622 893 2693 Miscere,
907 2619 1105 2703 conjungere,

58 2729 241 2794 temperare3
262 2711 396 2791 itemque
416 2731 433 2768 a
453 2708 646 2790 potionibus,
664 2728 733 2789 qum
753 2709 906 2768 miscendo
922 2714 1106 2774 auctoribus

58 2801 326 2885 praeparabantur,
340 2818 461 2879 parare,
474 2809 565 2877 atque
577 2797 617 2855 sie
632 2797 799 2877 praesertim
812 2797 849 2856 dc
861 2798 947 2857 malis
958 2802 1105 2877 sumitur,

56 2909 128 2970 qnae
149 2887 215 2966 quis
237 2885 431 2943 machinatur
450 2884 547 2943 alteri.
567 2884 738 2943 Connnode
756 2898 883 2965 usurpat
901 2884 981 2943 hanc
1000 2908 1104 2948 vocem

57 2975 205 3036 Phaedrns
217 2972 248 3031 h.
262 2973 280 3030 l.
296 2973 349 3030 ubi
360 2971 513 3052 duplicem
527 2992 616 3029 nsnm
628 2972 710 3030 verbi
722 2969 893 3050 conjungit.
907 2973 1011 3031 Miscet
1023 2973 1103 3036 hosti

57 3065 210 3135 dolorem,
227 3064 287 3121 sive
302 3083 372 3120 eum
387 3075 488 3142 parat,
505 3060 635 3139 eoquod
655 3060 760 3119 arbori
777 3060 916 3118 flammas
935 3061 1103 3139 submittit,

57 3156 170 3237 quibus
187 3154 246 3211 suis
265 3149 370 3231 pullis,
386 3171 462 3230 qnos
482 3148 572 3208 semel
593 3151 746 3221 amiserat,
769 3148 958 3229 pereundum
979 3151 1102 3231 quidem

57 3256 144 3316 esset,
167 3243 208 3299 ita
226 3254 344 3310 tamen,
363 3252 397 3296 ut
415 3238 478 3296 sine
496 3238 628 3296 maximo
646 3236 752 3297 dolore
767 3235 893 3319 aquilae,
909 3234 994 3317 cujus
1012 3240 1103 3301 nidus

57 3334 300 3402 combureretur,
311 3328 377 3387 lieri
387 3350 451 3387 non
463 3342 568 3409 posset.
578 3330 623 3386 De
632 3327 766 3386 vindicta
779 3326 878 3408 vulpis
891 3325 1102 3408 intelligenda,

56 3443 125 3504 quae
139 3419 237 3503 pullos
248 3438 319 3477 snos
331 3417 428 3498 perire
439 3415 577 3495 quidem,
590 3428 724 3474 attamen
738 3435 801 3473 non
814 3411 926 3472 inultos
939 3413 1040 3475 videre
1051 3439 1102 3478 vo-

55 3511 127 3583 luit,
139 3511 186 3568 cui
199 3510 240 3567 rei
250 3506 402 3586 eleganter
414 3504 538 3563 verbum
550 3506 664 3563 miscent
674 3503 833 3577 convenit,
843 3523 937 3581 quare
947 3501 1024 3562 nihil
1033 3527 1100 3565 mu-

54 3598 185 3659 tandum
204 3601 235 3656 in
250 3598 342 3655 veteri
355 3595 484 3654 lectione
496 3607 648 3674 putamus.
659 3619 672 3648 a
690 3592 778 3652 Conf.
793 3613 884 3673 snpra
897 3591 966 3652 Not.
980 3593 1017 3651 ad
1033 3591 1063 3654 h.
1079 3595 1099 3655 l.

53 3690 168 3747 Censor
181 3685 316 3744 eruditus
332 3684 364 3741 in
385 3686 417 3741 Α.
435 3685 468 3741 L.
486 3682 516 3741 Z.
532 3703 604 3740 ann.
628 3703 715 3763 1791,
733 3682 790 3754 lll,
808 3679 880 3755 460,
900 3694 1016 3741 retenta
1031 3706 1099 3763 pro·

54 3774 124 3857 pria
134 3773 216 3829 verbi
229 3775 344 3831 miscere
355 3768 590 3851 significatione,
604 3767 634 3828 h·
647 3769 666 3827 l.
680 3771 720 3829 sic
733 3771 966 3849 interpretatur:
980 3772 1100 3830 miscens

55 3862 164 3921 darnno
178 3859 274 3937 (dat.)
289 3862 439 3940 sarrpnirn's
453 3859 488 3935 (i.
504 3879 529 3916 e.
545 3860 608 3937 sui)
621 3857 747 3917 dolorem
764 3856 864 3929 hostis,
879 3857 898 3915 i.
913 3878 938 3915 e.
953 3860 1042 3916 Biisse
1056 3857 1100 3917 ich

57 3951 151 4008 mcine
160 3950 276 4025 Jurrpen
288 3951 348 4015 ein,
363 3969 424 4006 nnn
435 3968 464 4004 so
478 3944 531 4004 soll
544 3945 595 4005 der
604 3946 695 4006 Adler
704 3946 750 4005 die
762 3948 888 4025 seiniyeu
902 3942 977 4004 auch
993 3943 1099 4026 bejam-

56 4060 147 4099 mem.
158 4035 228 4096 Vid.
242 4057 332 4117 supra
345 4039 438 4097 h'otas
450 4037 488 4095 ad
502 4034 531 4094 h.
544 4037 563 4095 l.
