2820 5018
313 492 771 578 ANTIQUIT.SCR1PT.
796 497 1094 568 DlSPUTATIO.
1164 506 1226 594 267

180 635 302 716 Satyros
325 650 355 695 et
376 634 540 696 homiuum
558 639 633 697 vitia
651 638 751 721 lepide
770 641 1018 721 perstringerent.
1035 642 1081 702 lta
1097 645 1228 706 Juvena-

180 722 285 801 lietu:
301 726 343 783 Et
356 736 453 784 tamen
465 725 620 807 improbior
630 729 766 807 Satyrum
779 731 918 787 scribente
930 730 1061 806 eirroedo(
1080 731 1100 808 ).

220 813 289 873 Hoc
301 814 397 895 igitur
408 835 498 875 sensu
514 815 674 889 Phoedrus,
687 816 760 896 quia
772 832 935 898 corruptos
947 821 1044 878 oetatis
1057 840 1119 879 sum
1132 842 1229 881 mores

180 901 315 974 notavit,
332 922 388 961 uec
403 901 496 963 ullius
511 905 642 986 pepercit
657 904 755 979 vitiis,
774 917 854 964 recte
872 921 997 966 vocatus
1015 920 1059 966 est
1075 907 1228 988 improbus.

179 987 288 1068 Neque
298 989 391 1049 etiam
402 989 608 1072 displicebunt
618 991 729 1074 placita
741 991 778 1052 cl.
790 991 909 1066 Jacobs,
923 994 991 1073 qui,
1001 994 1025 1051 si
1037 1006 1141 1053 tamen
1151 1007 1230 1054 recte

181 1073 331 1151 intellexi,
348 1079 466 1152 statuit,
485 1077 651 1138 Phaedrum
663 1079 780 1139 dictum
794 1101 857 1140 esse
873 1079 1048 1160 improbum,
1064 1081 1147 1140 malo
1160 1082 1228 1161 qui·

178 1160 253 1222 dem
266 1184 371 1240 seusu,
381 1181 516 1249 respectu
528 1168 567 1227 ad
579 1189 645 1243 eos,
657 1172 711 1249 qui
722 1168 875 1250 rapiebant
884 1169 925 1228 ad
931 1190 973 1241 se,
985 1170 1069 1250 quod
1079 1191 1115 1228 ex
1127 1185 1229 1230 mente

179 1250 301 1314 Phaedri
312 1276 465 1318 oommrrae
475 1263 691 1323 essetorrrrrium.
703 1260 781 1318 Vide
792 1259 837 1339 Ej.
849 1261 926 1320 Diss.
939 1259 977 1319 de
989 1260 1229 1320 Fabulatoribus

179 1342 248 1400 lart-
262 1364 332 1425 pag.
349 1346 402 1421 36,
416 1345 436 1406 l.
453 1369 478 1407 e.
492 1347 537 1408 ild
550 1346 613 1407 lure
631 1370 697 1408 non
714 1349 819 1422 rideo,
836 1370 931 1430 quare
945 1349 1096 1408 Martialis
1108 1349 1228 1408 fabulas

178 1427 303 1489 Phaedri
313 1453 379 1490 uon
388 1433 487 1495 dicere
496 1437 591 1517 possit
592 1431 685 1515 jocos,
694 1458 793 1519 quuru
801 1439 865 1518 ipse
874 1436 1021 1496 Phaedrus
1028 1436 1149 1495 fabulas
1158 1456 1227 1496 suas

177 1538 247 1579 uon
258 1541 330 1579 raro
337 1516 420 1602 jocor
435 1538 465 1584 et
479 1527 571 1587 semel
587 1531 690 1587 nenias
704 1527 801 1599 dicat,
818 1526 979 1606 eidemque
996 1527 1124 1585 verbum
1131 1521 1229 1605 jocari

177 1606 218 1666 de
230 1606 344 1668 fabulis
361 1611 498 1675 solemne
514 1616 611 1694 site).
630 1618 667 1675 dt
684 1619 767 1675 enim
785 1615 898 1674 fabula,¹
915 1629 987 1674 sunt
1006 1634 1084 1695 opus
1101 1615 1227 1686 serium,

178 1716 251 1775 qum
262 1695 323 1760 hoc
334 1717 444 1781 agunt,
458 1719 492 1764 ut
505 1726 612 1765 verum
622 1707 762 1779 tradant,
775 1727 837 1765 non
851 1706 946 1763 risum
963 1718 1122 1776 moveant,
1135 1725 1229 1785 quam

182 1786 316 1864 primam
328 1803 358 1848 et
374 1794 562 1874 praecipuam
579 1793 693 1853 fabular
707 1794 811 1853 dotem
825 1793 899 1852 dicit
915 1789 1125 1868 Plroedrusdt),
1142 1793 1229 1871 quasi

180 1872 265 1934 idem
275 1885 329 1944 mit
338 1882 429 1939 n'sum
443 1896 548 1954 movet,
564 1903 630 1941 non
644 1882 794 1942 addiderit
805 1880 876 1939 illa:
893 1880 1028 1961 prudenti
1036 1882 1126 1937 uitam
1138 1880 1230 1938 consi·

178 1960 221 2021 tto
236 1967 394 2047 morret(5)!
414 1970 646 2050 quasi-Phaedro
663 1993 729 2032 non
746 1971 881 2035 licuerit,
896 1967 980 2050 quod
995 1966 1081 2028 licuit
1096 1966 1163 2024 aliis
1174 1968 1229 2024 Fa·

178 2048 387 2129 buletoribus‚
404 2079 430 2117 e.
448 2080 473 2118 e.
487 2062 656 2134 Fontanio‚
675 2057 895 2131 Lichtwehrio,
908 2078 986 2136 quos
1000 2068 1121 2115 constat
1137 2055 1229 2112 simili

179 2139 277 2200 modo
296 2143 426 2206 ridendo
442 2149 552 2209 dixisse
570 2170 686 2210 verum.
707 2152 847 2230 Namque
863 2170 881 2207 a
897 2146 1005 2207 fabula
1023 2145 1150 2224 antiqua
1165 2164 1231 2203 nou

179 2225 319 2288 alienum
329 2228 422 2292 fuisse
429 2240 460 2294 ei
473 2238 562 2296 risum
573 2258 696 2310 movere,
707 2237 795 2297 docet
805 2238 919 2295 Auctor
928 2234 966 2293 ad
978 2233 1170 2293 Herennium
1176 2231 1230 2308 (6):

179 2317 214 2376 Sl
226 2317 328 2401 &seen
338 2336 423 2382 anast
433 2324 592 2399 audiemlo,
605 2324 643 2383 ab
654 2325 757 2405 aliqua
768 2346 814 2399 re,
829 2345 894 2404 qua
906 2326 995 2382 risum
1010 2341 1120 2380 movere
1129 2322 1229 2401 possit,

179 2405 375 2479 exordiemur,
401 2410 440 2469 ab
462 2413 599 2494 apologia,
621 2437 641 2473 a
660 2412 771 2497 fabula
788 2410 953 2479 verisimili,
977 2413 1152 2480 imitatione,
1173 2421 1229 2466 etc.

181 2494 262 2553 Cum
277 2514 341 2574 quo
358 2495 431 2556 feeit
446 2497 601 2575 Sulzerus,
619 2499 861 2581 elegantissimus
876 2497 928 2557 ille
944 2497 1099 2557 bonarum
1115 2495 1231 2553 littera·

181 2602 253 2640 rum
272 2584 431 2665 magister,
450 2587 586 2646 scribens
595 2588 652 2668 (7):
674 2585 804 2646 Manem
823 2584 913 2644 Fabei
930 2582 1003 2642 wird
1019 2580 1148 2641 dadureb
1165 2596 1230 2662 qut,

181 2669 247 2730 ders
265 2674 307 2730 sie
321 2676 353 2731 irr
369 2676 465 2734 einem
482 2673 581 2736 italien
601 2679 665 2736 Tou
680 2673 793 2736 enrilrlt
806 2675 893 2746 (υἱώ
911 2671 1024 2732 andem
1036 2671 1108 2731 stebt
1122 2671 1175 2730 der
1190 2669 1232 2728 ln-

182 2761 357 2841 stiqe,eturas
363 2759 686 2837 armenemamtem
692 2759 1234 2845 roqardererlrabene,enthusiastisebe

188 2851 312 2908 Turrem
323 2848 428 2911 besten.
442 2851 481 2910 Et
494 2853 557 2913 alio
570 2853 655 2914 loco:
675 2856 717 2912 Es
727 2852 804 2933 piebt
816 2852 941 2926 Fabela,
956 2847 1158 2911 deterritam!
1174 2848 1233 2907 blos

184 2935 361 3018 belusn'perid
373 2942 421 3012 ist,
437 2940 534 3000 tndem
550 2945 591 3000 sie
606 2944 722 3022 premisse
734 2939 920 3013 Citamlrtere,
938 2939 1007 2999 oder
1017 2935 1230 3016 Harrdlanqerr‚

182 3025 231 3086 die
240 3023 396 3087 lieberlr‘cb
408 3030 487 3104 sind,
503 3033 534 3089 in
548 3035 641 3090 einem
654 3031 731 3090 recbt
745 3029 909 3090 lomiseben
924 3028 1023 3091 Licbte
1034 3029 1132 3106 zeiqerr
1141 3026 1190 3102 (8).

220 3116 464 3198 Quoddenique
480 3117 630 3180 Christius
649 3121 736 3194 dicit,
756 3119 921 3180 Phaedrum
941 3137 1067 3177 narrare
1084 3135 1129 3174 res
1145 3114 1232 3173 tritas

180 3218 277 3286 atque
292 3206 439 3287 plebeiam
461 3207 546 3293 quod
564 3209 628 3290 ejus
647 3208 769 3268 fabulas
788 3206 922 3289 appellat
930 3200 1002 3286 joca
1009 3199 1231 3288 ffipidirrscula,

181 3292 370 3375 opusculum
385 3312 459 3355 vero
472 3296 652 3356 fabularum
667 3298 977 3376 ordinatissimorum,
994 3310 1162 3371 earumque
1178 3310 1231 3347 au-

179 3394 301 3439 ctorem
312 3380 473 3456 Libertum,
492 3406 552 3444 non
565 3386 678 3445 ciarum
692 3399 721 3444 et
732 3382 973 3452 semibarbarum,
992 3400 1084 3461 quem
1098 3380 1231 3437 Canium

182 3467 371 3528 imitandum
385 3471 442 3530 sibi
456 3475 665 3554 proposuisse,
678 3495 743 3532 uon
757 3493 819 3532 esse
832 3468 991 3544 credibile3
1004 3470 1035 3527 in
1049 3466 1130 3525 hisce
1142 3466 1232 3544 nugis

178 3577 238 3639 ego
258 3559 333 3620 nolo
352 3565 466 3621 morari
485 3563 617 3624 lectores.
637 3566 734 3623 Immo
755 3584 824 3623 vero
843 3563 881 3622 ad
901 3561 1031 3620 alterriirr
1050 3557 1087 3617 de
1103 3555 1233 3615 Phaedro

180 3647 410 3725 testimonium,
425 3650 507 3732 quod
519 3666 562 3712 est
574 3675 666 3734 penes
677 3655 845 3727 Asianum,
858 3649 1050 3739 progredior.
1064 3646 1230 3707 Maximam

218 3797 258 3869 (ι)
272 3799 363 3873 Satyra
375 3804 419 3868 w,
434 3822 499 3855 vers.
519 3808 574 3858 rob.
765 3806 803 3878 (5)
818 3805 920 3875 prolog.
935 3806 959 3863 l,
975 3820 1039 3855 vers.
1053 3801 1083 3865 3,
1099 3799 1123 3864 4.

217 3877 258 3948 (a)
269 3880 308 3932 Cf.
322 3881 451 3935 Fuuecius
463 3885 496 3936 de
506 3888 649 3939 imminenti
658 3888 686 3940 L.
764 3885 802 3957 (6)
813 3885 869 3936 Lib.
884 3887 907 3948 l,
921 3903 943 3935 c.
957 3885 982 3935 6.

178 3960 209 4010 L.
226 3959 288 4011 Seu.
305 3978 327 4011 c.
344 3959 374 4026 3,
391 3960 412 4030 §.
432 3981 476 4029 ro,
494 3979 520 4015 et
534 3964 646 4037 Apolog.
660 3986 686 4036 p.
763 3967 801 4037 (7)
824 3967 863 4017 Cf.
885 3967 947 4033 Ejm
966 3961 1077 4014 Tirenrr'e
1091 3960 1137 4010 der
1150 3960 1176 4010 S.
1197 3958 1231 4006 K·

181 4036 244 4090 156.
728 4043 958 4113 armabant.

215 4118 258 4188 (3)
267 4120 333 4173 Vide
346 4122 378 4173 ad
390 4122 457 4175 Prol.
468 4125 494 4189 1,
508 4142 537 4194 7,
551 4138 576 4177 et
588 4129 688 4180 Caune-
764 4123 802 4194 (8)
813 4124 891 4173 Hisce
903 4121 983 4185 adde,
999 4137 1054 4190 quie
1068 4127 1143 4166 notat
1155 4113 1183 4162 C.
1198 4113 1229 4200 ll.

177 4199 273 4269 gieter.
289 4199 323 4250 ad
333 4202 405 4253 Praef.
417 4205 510 4254 Aviani
522 4225 547 4275 p.
561 4205 592 4271 6,
609 4223 632 4273 7.
727 4199 841 4252 schmitt.
855 4203 916 4251 Not.
930 4198 962 4249 ed
971 4198 1068 4255 Crusii,
1080 4190 1169 4261 Angli,
1179 4191 1229 4242 Vrt.

216 4278 257 4345 (4)
271 4279 488 4333 ChristiiProius.
501 4302 528 4352 p.
542 4282 566 4332 6.
727 4284 828 4332 Postu.
841 4281 872 4330 T.
886 4281 948 4348 kp.
961 4279 1026 4329 3⁵2.
1040 4278 1111 4325 Vm.
1126 4272 1212 4324 Genu.
