2820 5018
276 550 282 557 .
332 491 396 575 sor
508 481 791 553 supernans
814 482 875 548 ar
897 441 1239 562 nunun'aunr

324 620 328 628 ’
371 631 546 696 Huschlrius
563 631 599 689 V.
622 626 667 688 Cl.
686 629 720 688 in
740 628 865 690 Dissert.
879 631 1012 694 erudita
1034 635 1079 697 de
1092 638 1226 701 Fabulis
1237 642 1392 717 Archilochi,

331 743 401 805 quae
411 732 505 781 exstat
514 717 546 776 iu
554 712 693 774 Maohiae
701 713 903 778 Miscellaneis
911 717 1080 805 Philolog.
1089 726 1169 788 Vol.
1180 729 1283 805 hedit
1293 732 1390 794 Altenh

335 808 527 884 isuaia-80,
537 817 625 865 acute
634 803 725 879 vidit,
736 804 825 866 basin
836 805 929 889 hujus
940 807 1071 873 fabulae
1081 835 1155 876 esse
1166 816 1301 881 fabulam
1309 821 1387 882 Archi

330 898 413 961 lochi
429 897 467 956 de
482 892 593 973 Aquila
608 904 638 951 et
654 890 769 974 vulpe,
784 892 1013 958 adumbratam
1029 916 1107 983 post
1125 904 1347 983 Archilochum,
1361 926 1384 969 u

329 988 461 1058 videtur,
477 1004 494 1042 a
510 981 634 1056 Babrio,
649 1002 685 1040 ex
698 1001 761 1062 quo
777 981 976 1065 subsequenti
992 1001 1152 1072 tempore
1169 1009 1260 1077 prata
1275 1019 1320 1057 sua
1331 1000 1382 1057 im·-

327 1075 412 1156 gavit
431 1083 576 1130 narrator
594 1067 709 1128 fabule
728 1088 849 1149 greca,
871 1092 961 1153 prosa
982 1079 1137 1160 κείρει,
1160 1103 1236 1165 quae
1251 1100 1292 1145 ee
1306 1087 1378 1166 prims

327 1184 399 1223 curn
421 1161 454 1218 in
480 1155 659 1217 collectione
682 1158 914 1238 llauptmanni,
938 1176 1015 1222 turn
1039 1166 1077 1226 in
1107 1169 1263 1232 Editione
1282 1176 1374 1233 rama

325 1247 441 1308 Eadem
460 1242 564 1303 fabula
583 1256 742 1318 narratur,
763 1242 868 1326 aliqua
885 1258 998 1308 tamen
1021 1251 1178 1317 lectionis
1197 1261 1371 1332 varietatem

326 1335 436 1398 Godioc
448 1337 643 1414 augustano,
656 1353 692 1392 ex
703 1352 767 1413 quo
775 1331 854 1414 juris
865 1335 986 1415 publici
997 1337 1077 1400 fecit
1088 1344 1275 1409 Huschkius
1283 1351 1367 1409 aaut

325 1426 374 1486 cit,
392 1445 422 1506 p.
446 1420 481 1480 16
496 1440 557 1502 seq.
577 1419 645 1478 Non
664 1419 773 1479 inutile
786 1420 887 1481 visum
902 1438 960 1499 ert,
981 1426 1163 1493 observata
1183 1436 1364 1497 Huschkjihoe

325 1514 393 1575 loco
409 1506 614 1589 subjungere:
632 1533 647 1562 rr
658 1509 732 1567 llaec
747 1510 898 1586 narratio,
916 1514 1032 1594 inquit,
1051 1533 1230 1604 utcunque
1244 1527 1364 1608 explicata,

322 1605 427 1687 ipsum
445 1595 560 1658 fabulae
576 1594 779 1657 Archilocheae
797 1614 1042 1681 argumentum,
1065 1611 1138 1670 nisi
1156 1617 1263 1674 omnia
1279 1615 1361 1674 mehl

324 1692 408 1764 lunt,
423 1685 510 1747 nohis
522 1682 651 1744 exhibet.
664 1683 804 1744 Procedit
814 1706 850 1749 ea
863 1708 881 1746 a
898 1688 1055 1768 primaria
1072 1702 1246 1778 sententia,
1257 1703 1362 1784 Aquilrn

323 1802 396 1844 curn
409 1775 511 1858 Vulpe
529 1775 704 1856 pactionem
720 1773 823 1835 fecisse
845 1774 883 1835 de
900 1779 1046 1842 amicitia
1072 1803 1192 1849 mutuo
1211 1792 1284 1851 inter
1297 1814 1320 1851 se
1331 1813 1362 1851 o

323 1869 424 1934 lenda.
438 1864 513 1926 lnde
526 1865 617 1924 etiam
629 1861 801 1945 profectum
813 1886 875 1926 esse
886 1866 1143 1951 Archilochum,
1157 1893 1291 1958 testatur,
1303 1881 1361 1964 qod

320 1959 424 2025 adhuc
435 1952 589 2036 reliquum
601 1965 659 2027 ost,
671 1951 890 2034 fragmentum.
904 1955 968 2017 Nec
977 1962 1165 2046 quicquam
1176 1967 1235 2030 hac
1244 1971 1273 2030 in
1281 1969 1362 2029 fabola

322 2062 410 2136 parte
432 2055 589 2105 mantum
611 2056 677 2103 erat
694 2057 788 2106 aaeoete
809 2044 1049 2130 Aristophanis,
1076 2058 1140 2136 qui
1162 2057 1270 2121 diserte
1288 2061 1362 2121 scribit

325 2137 378 2198 Av.
394 2134 470 2195 652:

470 2302 477 2314 .
489 2302 494 2312 .
506 2302 512 2313 .
524 2302 529 2313 .
540 2301 547 2313 .
562 2258 604 2328 ipa
613 2261 663 2324 siit,
674 2263 705 2319 οἷς
715 2262 737 2317 ir
747 2263 855 2319 Aream
864 2265 940 2337 ripere

461 2337 537 2424 'Early
547 2336 666 2405 Mpiprrsr
676 2342 704 2395 ὅσι’
712 2362 745 2395 rr·
756 2347 798 2398 rtis
807 2345 924 2415 ’haim'
934 2350 967 2407 sie

454 2419 805 2493 'Ompoer'rorru‘rmrhivrq'i
814 2427 879 2480 reati.

321 2557 419 2615 Porro
433 2554 579 2613 Babrium
594 2552 651 2616 hac
665 2558 698 2615 in
713 2577 746 2618 re
760 2556 877 2642 aliquid
890 2579 1049 2644 mutasse,
1068 2594 1164 2635 nemo
1176 2577 1280 2636 dixffl'r
1294 2577 1366 2636 [nde

321 2642 404 2702 enim
421 2661 475 2699 sua
487 2639 619 2700 hausisse
635 2642 812 2723 putabimus
818 2652 973 2728 prosaicae
991 2654 1123 2721 fabulae
1138 2665 1311 2745 scriptorem?
1325 2667 1363 2723 Ex

321 2728 518 2790 Archilocho?
536 2728 635 2810 Hujus
654 2747 751 2812 poetae
766 2751 859 2816 opera
879 2738 1003 2802 dudum
1022 2746 1226 2833 interceperat
1240 2754 1365 2832 priorum

320 2817 503 2880 mulorum
516 2817 679 2879 barbaries.
695 2823 819 2884 Secutus
831 2841 875 2886 est
886 2825 950 2904 hic,
965 2846 1001 2890 ut
1014 2834 1119 2913 alibi,
1133 2842 1230 2900 Bahrii
1240 2844 1283 2900 sui
1293 2843 1364 2902 vesu·

320 2911 380 2993 gia.
401 2909 494 2987 Atqui
514 2928 586 2967 cum
608 2910 678 2983 ista,
697 2933 791 2992 quarn
808 2915 957 2994 diximus,
978 2925 1141 3003 primaria
1159 2935 1297 2993 sementia
1312 2933 1361 2993 reli

319 3022 380 3083 qua
394 2998 499 3058 omnia
511 2998 678 3058 arctissimo
690 3000 919 3081 colligata-sunt
931 3011 1084 3078 vinculo.
1101 3021 1173 3096 Qua
1186 3023 1301 3102 quidem
1311 3023 1360 3082 suh

320 3089 392 3162 lata,
404 3107 485 3146 nova
495 3086 591 3148 evasit
600 3086 716 3162 fabula,
728 3091 777 3149 sed
789 3092 990 3175 ineptissima.
1004 3103 1050 3161 At
1064 3104 1130 3168 hoc
1140 3109 1258 3172 facinus
1267 3113 1359 3182 Grecis

319 3190 475 3260 quantum
492 3175 565 3234 scire
581 3195 754 3257 possumus,
774 3181 920 3263 imputari
938 3193 1069 3270 nequit.
1091 3197 1177 3258 Nam
1193 3202 1288 3282 quoad
1302 3204 1358 3258 iutra

319 3267 444 3327 Gracia
455 3264 530 3325 fines
540 3285 570 3323 sc
581 3267 752 3343 continuit,
761 3271 870 3332 eodem
880 3295 1001 3358 semper
1012 3285 1120 3346 modo
1130 3308 1285 3352 narratam
1294 3292 1358 3349 luiae

318 3356 399 3417 hanc
414 3352 732 3436 fabulamreperimus
744 3360 784 3419 ab
797 3360 979 3425 Archilocho
992 3370 1038 3429 ad
1060 3375 1253 3440 Planudem.
1268 3384 1354 3440 socos

319 3455 424 3504 serunt
437 3445 552 3502 interea
566 3444 682 3519 Latini,
698 3444 861 3524 Phaedrus,
875 3455 972 3533 etqui
987 3457 1033 3517 ita
1051 3482 1072 3520 a
1090 3462 1228 3528 P-haedro
1241 3468 1354 3551 pandent,

312 3546 355 3592 ut
368 3532 459 3613 greci
471 3530 656 3592 fabulatores
668 3555 686 3592 a
700 3536 827 3613 Babrio,
841 3540 1040 3606 Romulus-et
1054 3553 1226 3637 Anonymi
1240 3559 1291 3631 illi,
1300 3574 1353 3636 qnos

312 3620 480 3680 ediderunt
489 3620 646 3680 Nevcletus
655 3635 684 3681 et
694 3623 844 3687 Nilantus.
852 3629 893 3688 Hi
901 3649 966 3689 rem
976 3632 1080 3714 plane
1090 3662 1214 3705 novam
1224 3641 1353 3708 commeari

312 3720 388 3767 sunt
403 3718 432 3764 et
445 3705 676 3788 discrepantem.
690 3713 749 3772 lste
760 3714 871 3776 scilicet
882 3720 1013 3800 Augusti
1026 3725 1184 3809 libertus,
1200 3736 1351 3818 reliquorum

313 3795 377 3855 dux
391 3806 420 3853 ct
433 3807 556 3867 auctor,
571 3798 687 3875 quoties
701 3820 720 3857 a
732 3802 927 3885 simplicitate
940 3807 1139 3877 Graecorum
1156 3821 1318 3892 declinarit,
1330 3815 1350 3874 il

313 3880 397 3966 quod
410 3879 480 3938 fecit
492 3881 667 3962 sepissime,
680 3888 767 3948 toties
779 3890 918 3972 ineptum
928 3914 959 3954 se
969 3900 1113 3978 praebuit
1123 3927 1163 3966 ac
1173 3907 1348 3968 deridendum

314 3967 468 4050 Exemplis
478 3967 594 4050 aliquot
606 3969 665 4033 hoc
677 3973 843 4037 illustravit
853 3980 1046 4065 Lessingius,
1062 3993 1115 4052 vir
1126 3995 1164 4053 in
1175 3998 1285 4079 paucis,
1296 3994 1347 4053 dnn

312 4058 441 4130 viveret,
463 4058 669 4139 perspiceret
692 4079 813 4141 acutus,
834 4073 1048 4150 praetermissa
1074 4091 1188 4144 tamen
1210 4078 1345 4143 fabulata

311 4143 423 4226 Aquila
431 4158 468 4204 -et
481 4145 595 4229 Vulpe,
612 4169 707 4230 quam
723 4153 918 4237 interpolavit
931 4157 1105 4243 Phaedrus,
1125 4171 1162 4231 in
1174 4172 1256 4255 cujus
1267 4165 1345 4231 faba
1404 4158 1406 4173 ¹

311 4236 411 4296 multa
422 4235 598 4298 offendunt
616 4241 770 4316 Quorsum
787 4244 872 4307 enim
887 4249 998 4331 Aquila
1013 4274 1171 4338 rapuerat
1181 4262 1288 4324 catulos
1300 4255 1345 4317 rul-
