2820 5018
486 492 550 555 AD
574 488 666 555 LIB.
691 489 705 550 I
730 487 826 552 Flu.
850 488 913 553 XI.
1159 491 1217 554 511

175 631 226 693 sed
240 631 362 691 leonem
378 629 527 711 excepisse
541 649 662 709 capras,
677 626 822 709 spelunea
839 646 978 707 egressas.
991 628 1093 705 Quare
1106 630 1226 690 Lessin-

174 722 242 802 gius
252 733 324 781 nota
333 718 468 801 quadam
479 716 517 776 ad
528 715 609 776 hanc
618 715 738 776 Phaedri
748 715 887 776 fabulam
897 717 938 794 (1)
948 739 954 773 :
965 718 1022 776 Die
1030 719 1099 791 Art,
1111 719 1226 798 inquit,

176 807 293 868 wieder
306 804 379 868 Esel
390 805 453 867 und
462 804 514 865 der
523 807 609 864 Lowe
620 807 674 865 mit
684 804 824 866 einander
826 801 922 886 jopen
927 849 936 877 ,
954 807 991 864 ist
1006 805 1087 867 nicht
1100 806 1177 866 wohl
1192 830 1229 868 zu

177 895 329 981 beqreifen.
342 898 404 957 Der
415 898 501 955 Io'we
517 891 642 974 verlirpt
654 891 710 953 den
721 891 792 953 Esel
805 895 837 952 in
850 893 903 952 dos
915 892 1091 954 Gesrrtucle
1102 895 1164 955 und
1176 896 1231 956 Ge·

177 985 297 1058 biisclre3
308 1007 340 1044 er
352 983 420 1048 lir'sst
433 983 484 1043 itm
498 981 649 1063 soltreyen3
666 981 729 1044 und
740 981 787 1043 die
804 980 918 1055 Thiae,
935 981 982 1042 die
995 983 1054 1043 sicli
1065 983 1156 1044 durch
1168 982 1231 1045 ihre

177 1072 371 1157 qewolmliclre
382 1068 601 1155 Scllupfliiolier
611 1082 699 1133 retten
710 1069 935 1155 wollen,fallen
946 1070 1012 1131 dem
1024 1075 1130 1133 Lowen
1142 1076 1172 1132 in
1185 1073 1233 1134 die

177 1162 307 1223 Klauen.
320 1163 365 1222 W
362 1164 388 1220 ie
398 1163 469 1243 qinq
479 1159 531 1219 das
542 1159 598 1220 zu?
610 1157 716 1221 laenate
718 1157 802 1242 jedes
814 1181 872 1219 nur
881 1158 972 1220 durch
982 1162 1082 1220 Einen
1091 1169 1231 1244 Aresqanq

178 1251 275 1312 dauon
286 1249 443 1311 lammeri?
452 1271 564 1309 warum
575 1261 679 1308 musste
689 1270 718 1310 es
728 1247 821 1330 pleiclr
833 1248 890 1309 dett
901 1247 1032 1326 wellen,
1045 1273 1086 1311 on
1094 1249 1232 1312 welchem

180 1341 231 1402 der
245 1344 330 1401 Lo'we
345 1339 472 1400 Iouem?
485 1339 553 1400 oder
564 1338 671 1400 lenate
682 1338 734 1399 der
743 1342 828 1399 Lowe
839 1337 954 1399 themu
967 1342 1060 1422 seyn?
1075 1341 1144 1403 oder
1147 1341 1233 1425 fienq

180 1453 212 1491 er
224 1453 283 1491 nur
299 1426 803 1512 weniqe?Wieuortreffl1'elrfallen
820 1431 852 1487 in
864 1429 916 1488 der
925 1428 1128 1490 Grieclriselren
1143 1431 1236 1492 Faber

179 1515 239 1579 alle
254 1516 328 1577 diese
341 1514 593 1598 Schwieriqlseiten
607 1517 683 1596 wey!
695 1515 769 1576 Haec
783 1537 931 1596 magnam
945 1536 1018 1576 sane
1034 1519 1162 1598 speciem
1178 1517 1235 1578 ha·

182 1606 269 1680 bent3
284 1619 316 1664 at
329 1604 476 1665 Phaedrus
489 1618 586 1687 potest
600 1603 739 1679 defendi,
753 1605 857 1686 siquis
869 1601 987 1684 fingere
997 1605 1083 1679 velit,
1098 1625 1161 1664 non
1176 1607 1237 1667 sin·

182 1693 270 1775 gulas
286 1694 364 1754 feras
383 1715 401 1753 a
418 1695 505 1755 leone
521 1693 613 1756 fuisse
627 1695 790 1768 laceratas3
809 1694 1008 1776 nequeenim
1026 1692 1087 1752 hoo
1104 1695 1237 1775 pertinet

183 1782 221 1842 ad
240 1783 403 1845 consilium
421 1783 534 1844 fabulae
548 1808 554 1843 :
572 1805 671 1865 neque
687 1786 779 1845 etiam
793 1782 869 1844 dixit
886 1782 1041 1843 Phaedrus.
1055 1785 1165 1843 Versus
1182 1804 1238 1865 po·

184 1872 244 1931 tlus
258 1892 287 1930 ιι
301 1884 332 1931 et
346 1894 395 1946 ια,
405 1872 529 1948 docent,
542 1894 605 1933 non
617 1873 720 1955 paucis
732 1872 872 1933 elabendi
884 1872 989 1932 datam
1003 1869 1094 1932 fuisse
1104 1871 1236 1956 copiam.

185 1961 273 2022 cade
284 1963 368 2021 enirn
382 1961 477 2022 lessus
490 1977 556 2023 erat
570 1962 631 2037 leo,
645 1983 701 2025 nec
714 1961 848 2044 amplius
861 1959 1032 2022 interficere
1044 1960 1173 2035 libebat,
1183 1963 1238 2021 etsi

186 2051 327 2126 aderant,
340 2073 416 2133 quas
427 2052 543 2113 eaedere
556 2067 664 2135 posset
678 2054 755 2128 Quae
768 2051 997 2112 confirmantur
1008 2051 1114 2112 fabula
1126 2073 1238 2132 graeca,

187 2139 241 2199 ubl
259 2136 324 2198 haec
340 2164 346 2198 :
363 2151 411 2199 τοῦ
428 2144 527 2208 >laurae
544 2143 589 2207 τὰς
603 2143 724 2206 πλάστας
741 2142 919 2207 συλλαὸόντος.
937 2140 1065 2198 Asinum
1079 2139 1175 2218 igitur
1190 2137 1239 2198 leo

185 2240 290 2287 evocat
302 2247 468 2309 vocemque
483 2249 620 2310 premere
629 2225 726 2308 jubet.
741 2228 802 2287 Nec
816 2227 864 2287 leo
879 2226 918 2286 ed
934 2248 1035 2286 unum
1053 2240 1164 2287 uotum
1177 2229 1241 2289 exi-

188 2327 256 2373 tum
276 2315 403 2375 insidias
425 2317 567 2375 struxisse
587 2314 675 2389 feris,
697 2335 876 2397 semperque
896 2336 961 2375 uno
982 2313 1153 2395 eodemque
1174 2314 1240 2375 loco

188 2401 333 2461 mansisse
347 2401 514 2463 credendus
526 2416 578 2463 est
591 2404 661 2463 Sine
673 2401 769 2462 dubio
781 2402 865 2462 enim
878 2402 975 2462 alium
987 2417 1054 2484 post
1067 2402 1165 2462 alium
1179 2403 1241 2462 exi·

187 2503 256 2549 tum
275 2491 512 2573 pervagabatur,
535 2504 565 2552 et
584 2491 768 2574 excipiebat,
789 2490 941 2573 quidquid
963 2493 991 2553 ei
1008 2513 1070 2552 sese
1087 2491 1240 2575 objiceret.

188 2580 404 2752 {pippaephlitep
421 2602 463 2731 εἶθ
470 2580 610 2663 expedire
629 2594 763 2643 conatur
777 2580 815 2641 cl.
829 2583 938 2663 Ianqe.
953 2581 1021 2644 VH.
1036 2579 1082 2662 uj.
1098 2581 1244 2662 Prolegg.

477 2864 811 2953 EXCURSUS
840 2864 959 2952 VIII

453 3070 505 3121 AI)
530 3070 636 3122 LIBRI
661 3071 671 3120 I
696 3069 879 3123 FABULAM
904 3067 985 3119 x111.

235 3244 280 3305 Ad
295 3266 337 3304 vs.
360 3265 389 3320 1,
407 3264 434 3304 2.
448 3245 529 3305 MSS.
545 3246 626 3306 Pith.
641 3259 671 3307 et
684 3247 768 3307 Rem.
786 3271 800 3300 α
810 3247 864 3327 qui
879 3266 909 3305 se
922 3243 1043 3305 laudari
1054 3243 1167 3327 gaudet
1180 3266 1249 3309 ver·

195 3334 242 3395 bis
257 3332 409 3410 subdolis,
428 3331 491 3394 fere
509 3332 562 3393 dat
580 3354 689 3417 poenas
705 3334 788 3416 turpi
802 3333 1020 3417 poenitentia.»
1034 3332 1101 3393 Vid.
1120 3335 1248 3397 Brotier.

194 3422 313 3482 Contra
327 3422 359 3480 in
374 3420 450 3482 God.
466 3421 586 3481 Daniel.
600 3426 692 3501 quem
706 3422 800 3481 etiam
814 3434 929 3481 vocant
943 3418 1061 3481 selredus
1074 3423 1179 3504 reqias,
1194 3443 1248 3483 seu

196 3513 397 3586 Vestianum,
415 3511 529 3593 reperit
546 3510 713 3592 Rigaltius,
730 3536 743 3565 ιι
753 3510 808 3591 qui
825 3531 855 3569 se
869 3508 988 3571 laudari
1001 3509 1137 3592 gaudent
1150 3511 1252 3574 verbis

196 3602 346 3678 subdolis,
359 3623 424 3663 sera
437 3601 514 3661 dant
526 3621 632 3684 poenas
644 3601 757 3684 turpeis
766 3601 962 3682 poenitentia,
973 3627 986 3657 n
1001 3600 1083 3683 quod
1094 3599 1253 3665 scheffem

196 3691 291 3773 longe
301 3693 463 3753 videbatur
475 3692 595 3752 rectius.
606 3690 675 3750 Vid.
692 3690 772 3751 Gud.
789 3705 819 3751 et
833 3691 946 3773 Guyeti
959 3691 1061 3754 Notas.
1072 3693 1119 3753 lta
1132 3691 1250 3755 factum

198 3791 258 3852 eat,
279 3793 313 3837 ut
330 3778 414 3840 locus
432 3780 519 3840 vario
539 3779 631 3839 modo
651 3777 876 3839 sollicitaretur.
896 3776 1050 3854 Pithoeus,
1072 3776 1250 3841 Rittershut.

198 3864 302 3925 Nevel.
314 3867 425 3927 Meurs.
438 3865 628 3927 Freinshem.
639 3866 750 3948 Rigalt.
761 3867 817 3926 Ed.
832 3887 859 3925 α.
871 3867 972 3926 UraIn.
986 3862 1140 3925 Schirach.
1150 3865 1253 3942 (Clav-

199 3957 233 4015 P.
249 3956 278 4029 I,
292 3976 321 4036 p.
335 3956 388 4033 88)
399 3958 525 4017 Brotier.
537 3959 659 4040 Bipont.
673 3956 840 4017 Desbillon.
850 3954 1000 4017 Miichler.
1013 3955 1079 4030 alii,
1093 3954 1251 4016 lectionem

201 4042 295 4102 codd.
311 4041 392 4102 MSS.
404 4045 489 4104 llam.
501 4057 530 4104 et
544 4042 625 4103 Pith.
638 4044 745 4118 secuti,
757 4043 936 4103 ediderunt:
953 4067 967 4096 α
977 4041 1015 4117 Q.
1029 4061 1050 4100 s.
1067 4040 1087 4101 l.
1099 4040 1212 4121 gaudet
1223 4061 1254 4101 v.

237 4201 347 4274 (ovid,
361 4203 486 4276 Iaeuingii
499 4204 566 4258 Edit.
582 4205 703 4258 Fabular.
719 4206 755 4271 Il,
775 4226 800 4276 p.
818 4205 877 4257 23².
898 4201 957 4254 coll.
976 4204 1082 4254 Dissert.
1101 4220 1149 4252 zur
1163 4202 1252 4256 Gesclr.

202 4284 248 4336 der
258 4279 449 4355 AEsop-[Frbtl.
462 4302 490 4355 p.
507 4282 565 4349 ²⁴²·
