2820 5018
411 449 502 514 LlB.
527 450 557 525 l,
582 448 677 512 ΕΔΒ.
702 452 763 513 tv.

1044 450 1107 540 ³49

57 608 112 651 υος
122 591 217 655 pra-lert
226 592 295 638 etiam
303 591 327 637 iu
336 589 381 638 bec
392 606 453 637 nexu
462 591 496 637 Cl.
506 589 669 637 Tzselruclius.
680 591 733 636 vta.
744 594 773 635 V.
784 592 810 635 L.
821 591 850 637 ad
859 591 897 637 lib.
908 593 931 648 l,
942 587 990 638 fab.
1001 594 1051 649 xv,
1066 610 1107 651 ¹03

58 731 129 785 dere
141 748 228 805 posset
236 733 403 784 simulacrum
411 733 569 802 suum3quia

59 831 138 884 aqua
150 813 249 884 speculi
258 815 338 865 instar
350 826 467 876 nonest,
479 813 528 863 nisi
538 813 570 863 sit

59 893 203 963 quiescens
211 907 236 943 et
243 891 382 963 pellucida.
392 890 491 943 Deinde
498 892 570 941 canis

59 970 156 1023 nando
176 973 248 1042 sequi
268 985 372 1042 poterat
390 989 504 1022 earnem.
529 970 569 1020 sie

59 1054 139 1105 euim
158 1050 234 1103 facile
248 1054 326 1122 potiri
341 1064 443 1121 poterat
459 1048 519 1099 cibo
533 1048 570 1099 di-

60 1134 155 1183 misso.
169 1133 268 1184 Contra
279 1134 306 1182 in
318 1150 400 1201 graeca
415 1130 504 1182 fabula
519 1148 571 1180 me·

60 1212 117 1263 lius
138 1211 193 1263 base
212 1212 408 1282 exprimuntur:
428 1206 489 1263 Krios
505 1205 570 1276 apio:

60 1290 159 1355 ἷχουοι
169 1286 275 1354 ampli
285 1286 381 1340 bilem
387 1327 394 1349 ,
406 1307 462 1359 quae
471 1289 571 1339 Lessin-

61 1370 127 1441 gius
136 1372 210 1420 vertit
222 1392 227 1419 :
240 1387 268 1420 er
274 1369 351 1441 pienp
362 1371 423 1419 iiber
431 1369 479 1419 den
490 1368 570 1420 Fluss.

64 1450 147 1499 Putat
159 1449 228 1499 enim
242 1446 309 1499 male
321 1446 393 1497 reddi
406 1447 439 1498 ab
448 1450 571 1516 interpre-

64 1526 154 1592 tibus,
165 1526 253 1579 nando
264 1526 403 1597 trajiciebat
404 1527 520 1602 flumen.
528 1526 572 1575 Vi·

63 1602 139 1657 disse
151 1604 202 1657 hoe
214 1603 316 1656 videtur
328 1604 454 1656 llomulus
470 1605 570 1654 Divion.

64 1686 116 1755 qui
123 1683 307 1759 habetflumen
317 1684 448 1734 transiens.
457 1681 573 1751 Aphtho·

64 1763 143 1824 nius,
168 1759 285 1813 eamdem
306 1779 412 1812 narrans
434 1759 571 1810 fabulam:

63 1838 136 1909 apiae
159 1837 270 1907 liparim
289 1838 323 1894 rie
344 1836 401 1889 ridor
422 1839 477 1907 παρ’
501 1836 572 1889 adesir

64 1916 129 1985 ἒιᾷιι
137 1920 175 1970 'nir
186 1918 254 1982 lxlv
263 1914 322 1971 ruric
330 1919 448 1982 ποταμοῦ,
458 1935 487 1969 er
493 1919 571 1991 pieup

66 2018 121 2064 an,
141 1998 218 2048 neben
235 1998 291 2048 dem
311 1998 453 2068 Ufereines
465 1997 572 2048 Flusrer.

67 2074 573 2145 Sicigiturviderepoteratsimulaerum

67 2172 156 2205 suum.
167 2152 247 2205 Simili
257 2152 335 2204 medo
347 2168 433 2205 narrat
442 2155 557 2223 lgnatius
567 2174 572 2202 ε

67 2230 144 2298 qipor
167 2233 277 2297 ποταμοῦ
298 2231 393 2284 πλησίον
415 2230 473 2284 udor
495 2228 573 2300 rapiat,

66 2308 150 2376 κόψαι
168 2307 247 2362 iavrlr
265 2309 332 2363 bier
355 2310 383 2367 eie
402 2309 460 2380 tta?
483 2308 574 2370 deiru.

68 2391 136 2442 Non
156 2401 242 2441 tamen
260 2389 368 2453 desunt,
388 2393 432 2460 qui
443 2394 573 2461 jungant:

68 2468 167 2531 Canis,
180 2486 226 2538 per
235 2466 330 2519 flumen
339 2467 349 2537 (
359 2469 419 2519 iiber
429 2469 478 2519 den
488 2468 573 2531 Flore,

67 2557 101 2596 ut
118 2560 168 2615 per
177 2542 267 2613 sorum
284 2546 378 2611 redire,
398 2544 440 2596 lib.
454 2547 502 2609 lll,
521 2545 573 2597 sal).

70 2623 149 2679 xlx,
158 2621 303 2691 6)earnem
310 2622 372 2673 (lum
380 2624 472 2687 ferret,
483 2635 575 2674 natans

70 2702 88 2752 i.
103 2719 143 2771 sp.
156 2720 179 2750 v.
193 2720 212 2751 s.
227 2720 247 2753 s.
262 2701 344 2752 ersalr
358 2702 391 2750 im
413 2702 576 2773 Wasserrpie-

68 2779 118 2854 pel
124 2780 178 2832 sein
189 2779 253 2830 Bild
260 2781 432 2831 schwimmen.
442 2809 476 2818 -
484 2776 493 2849 [
502 2779 576 2830 Canis

68 2857 253 2933 perstumen...
266 2869 385 2909 nataris...
397 2858 461 2908 vidit
469 2857 575 2909 simula-

70 2952 146 2987 emm
159 2954 241 2986 suum.
258 2938 305 2986 llic
320 2935 415 2986 luerent
430 2936 576 3005 Lessiugius

72 3013 185 3087 aliique:
199 3028 224 3065 et
236 3034 296 3075 nos,
309 3016 393 3085 primo
406 3028 490 3066 textus
503 3015 577 3064 intui·

72 3108 102 3145 tu
121 3094 248 3145 hassinrus.
264 3096 316 3160 Qui
335 3095 417 3160 euim,
438 3093 575 3164 inquieba-

73 3172 384 3243 mus,Canisperllumeu
394 3187 499 3235 natans,
507 3171 575 3223 videt

72 3250 242 3303 simulacrum
259 3271 334 3305 suum
348 3255 373 3302 in
388 3252 478 3315 viridis,
496 3269 576 3321 quum

72 3342 177 3391 tamen,
193 3343 300 3387 natans,
319 3343 343 3380 et
361 3332 444 3381 ferens
457 3348 576 3393 earnem,

72 3426 105 3459 ex
116 3407 194 3459 undis
204 3410 349 3460 necessario
359 3410 474 3479 proferat
482 3409 577 3479 caput?

72 3490 207 3557 Areeepta
216 3488 292 3555 igitur
300 3486 436 3538 verborum
445 3502 578 3538 construc-

72 3568 148 3617 tione
163 3566 325 3629 recedentes,
341 3568 391 3629 sie,
408 3565 578 3616 subdubitan-

71 3658 115 3696 ter
132 3644 273 3705 duntaxat,
293 3643 455 3695 vertelramus
470 3643 575 3713 gallice:

71 3742 109 3774 uri
129 3722 207 3773 obieri
225 3723 311 3774 allant
328 3721 455 3791 (tentetur)
475 3721 498 3771 le
515 3722 576 3795 lonp

69 3802 133 3855 Just
148 3802 255 3877 fleme,
277 3803 312 3853 vit
332 3822 357 3851 sa
373 3800 461 3874 ιῙῐφινι·
481 3803 578 3873 rdpdtee

69 3884 140 3935 daris
165 3880 190 3931 le
213 3882 302 3932 miroir
320 3881 363 3931 der
382 3900 454 3931 enus
477 3881 578 3932 Scilicet

69 3959 288 4014 existimabamus
302 3958 327 4008 ri
338 3972 426 4011 natare
436 3958 486 4010 diei
500 3961 579 4011 etiam

70 4060 157 4115 posse
169 4040 201 4090 de
219 4044 330 4093 terrestri
346 4060 468 4101 excursu,
485 4042 577 4106 innixi,

74 4128 105 4173 ι’)
120 4120 291 4192 etynrolegia,
303 4118 355 4181 rio,
369 4120 429 4180 viu,
443 4141 482 4185 eo,
496 4123 579 4172 redeo-

68 4202 271 4277 quessreunep.
287 4200 319 4251 ad
329 4220 384 4251 voe.
400 4200 470 4267 rie);
484 4202 513 4251 2⁰
529 4200 578 4251 lroc

609 732 728 802 exemplo
738 729 886 783 Columella
897 730 947 800 (de
957 732 1108 801 arboribus,

610 829 633 860 e.
646 809 694 878 6),
713 809 818 862 nouella
836 810 937 861 uinea...
957 811 1009 860 vim
1029 811 1109 864 inuti·

611 888 662 938 lem
676 887 788 953 habebit,
800 906 899 939 summa
906 901 980 960 parte
989 907 1109 941 saranat-

610 986 655 1021 aas
669 969 799 1021 radicibus.
814 967 893 1034 Quod
906 987 983 1021 ausus
997 984 1035 1021 est
1049 974 1111 1023 scri·

610 1063 671 1120 ptor
694 1048 782 1100 solutae
803 1051 940 1114 orationis,
961 1052 1018 1121 quis
1039 1051 1112 1121 apud

610 1140 715 1197 poetam
729 1127 873 1198 vituperet?
889 1126 939 1178 Sed
956 1129 1013 1199 quis
1029 1126 1112 1180 lector

611 1205 760 1275 indulgeat,
777 1207 811 1267 si,
825 1203 880 1256 sola
903 1206 961 1257 freti
976 1205 1111 1277 analogia,

610 1285 646 1353 egi
655 1304 703 1357 per
714 1305 771 1339 eam
788 1285 929 1337 tribuentes
946 1286 1112 1355 significatio·

611 1383 735 1437 nemque
750 1364 847 1435 gaudet
863 1361 890 1414 ri
900 1362 950 1431 πυρὶ
964 1364 1015 1435 (1),
1031 1385 1046 1417 a
1058 1385 1110 1437 quo

611 1445 750 1497 latinorum
760 1464 820 1516 per,
835 1447 998 1508 verterimus,
1012 1445 1037 1496 le
1049 1446 1112 1519 lonp

612 1524 635 1575 d
636 1544 670 1574 un
672 1525 779 1600 fleuee?
787 1525 835 1574 Cui
846 1523 949 1594 quidem
958 1536 1049 1575 nostrae
1056 1544 1114 1577 ver·

612 1605 679 1653 sioni
691 1604 738 1653 etsi
750 1621 804 1653 non
820 1601 968 1654 adversetur
979 1600 1030 1652 lroe
1039 1602 1112 1674 dplt·

613 1680 709 1746 thonii,
727 1677 792 1748 apiae
808 1676 917 1745 aipxairar
933 1678 967 1734 ri:
983 1678 1040 1732 ador
1056 1682 1113 1750 παρ’

613 1755 685 1811 αὐτὴ
698 1758 737 1810 rii
753 1758 821 1823 ὄχθην
834 1760 891 1812 ruric
904 1758 1026 1822 ππιμοδ,
1042 1760 1113 1830 apud

613 1857 691 1909 quem
709 1840 781 1888 canis
797 1836 945 1887 nullatenus
961 1850 1049 1899 natat;
1066 1856 1114 1889 no·

613 1931 691 1967 stram
699 1931 785 1967 tamen
795 1917 951 1980 versionem,
960 1934 1040 1985 quum
1048 1915 1115 1967 desit

613 1993 1115 2065 ininterpretandisperetriotausenem·

614 2075 717 2146 plorum
732 2077 870 2139 autoritas,
889 2076 932 2125 eui
946 2094 999 2124 uon
1014 2093 1116 2145 semper

614 2155 718 2227 supplet
731 2155 864 2225 analogia,
884 2156 944 2205 satis
959 2155 1036 2205 fuerit
1050 2154 1116 2205 indi·

614 2256 686 2288 rasse
698 2239 854 2306 conjectum:
868 2236 981 2285 nomine.
997 2234 1117 2304 Aplrtbo-

615 2319 650 2367 nii
663 2331 688 2369 et
704 2318 805 2387 Jisopi,
821 2330 847 2367 et
862 2317 955 2385 Ignatii
971 2315 1116 2367 locutiones

614 2400 719 2449 minime
745 2396 905 2468 appellanda:
929 2410 988 2447 sunt
1016 2396 1117 2448 Phaedri

616 2476 728 2541 scholia,
753 2496 809 2548 quae
828 2475 934 2547 quidem
952 2495 966 2527 e
984 2478 1117 2527 contrario

616 2557 726 2607 inmrunt
738 2575 792 2606 nou
805 2557 866 2626 ipsis
879 2556 992 2606 arrisisse
1007 2553 1116 2606 locutio·

615 2656 675 2687 uem
690 2656 768 2709 quam
784 2650 836 2688 tres
850 2639 988 2707 scriptores
1001 2639 1118 2689 unanimi

616 2735 745 2768 consensu
767 2715 916 2786 neglexere,
941 2714 1057 2767 eamdem
1079 2728 1117 2767 ta·

615 2815 675 2848 nien
702 2811 835 2848 rrarrantes
858 2796 984 2847 fabulam.
1011 2796 1118 2865 Vulgari

616 2876 694 2945 igitur
709 2873 814 2925 lectioni
829 2873 1017 2946 obsequentes,
1035 2887 1118 2927 verta·

616 2972 687 3017 mus,
708 2972 743 3002 un
760 2953 834 3003 chien
853 2954 898 3024 qui
917 2952 1050 3004 traversait
1067 2970 1119 3003 une

617 3034 719 3098 risiare,
729 3044 818 3084 teuent
826 3053 857 3084 eu
868 3053 894 3085 so
903 3033 997 3104 puerile
1008 3051 1041 3081 uri
1054 3049 1120 3081 moon

616 3132 679 3163 eeeu
691 3114 721 3162 de
733 3112 818 3173 elrair,
832 3113 880 3174 uit,
895 3122 941 3161 etc.
960 3112 989 3161 ln
1001 3112 1118 3161 Excursu

617 3191 790 3263 philologieis,
810 3191 886 3241 detur
905 3193 980 3241 venia
993 3192 1027 3254 si,
1047 3208 1119 3241 rnen·

617 3276 688 3323 tione
703 3273 771 3322 lacta
785 3272 827 3321 rori
842 3269 895 3330 rio,
914 3273 1080 3321 immoremur
1090 3272 1119 3323 in

617 3352 750 3402 locutione
761 3348 847 3418 (θεοὶ)
857 3346 962 3408 sinodis,
980 3352 1054 3417 (tirius
1065 3363 1118 3423 etp·

618 3431 745 3501 mologia,
757 3432 862 3502 paucis,
875 3432 901 3479 ni
916 3429 1004 3493 fallor,
1019 3427 1117 3481 intelle-

618 3527 673 3578 eta,
697 3516 723 3563 iu
744 3531 856 3564 errorem
878 3510 978 3560 induxit
995 3528 1117 3579 magnum

619 3590 790 3656 Errsrarhium,
802 3589 926 3659 aliosque.
938 3591 1058 3640 (lecurrit
1067 3608 1118 3641 vox

618 3672 687 3741 upird
696 3674 837 3723 llomerum
846 3670 938 3742 Odyss.
947 3672 969 3730 d,
978 3669 1038 3736 40ss
1048 3669 1120 3741 apud

617 3754 797 3810 'l'lreocriturm
814 3753 896 3815 Xl'll,
913 3752 956 3802 25.
974 3749 1119 3802 Alexander

619 3850 642 3887 et
661 3833 812 3886 Ptolemaeis
829 3833 891 3884 eleos
906 3835 973 3883 inter
993 3851 1119 3883 arruume-

618 3918 680 3979 rati,
697 3927 823 3965 vocantur
839 3913 890 3961 θεώ
906 3909 1009 3971 simler,
1025 3923 1050 3960 et
1064 3931 1120 3962 rer·

650 4072 683 4125 lt)
694 4070 806 4112 Nou-urus
813 4065 889 4111 obiter
898 4064 1001 4109 eamdem
1010 4062 1059 4108 lere
1068 4077 1119 4105 esse

618 4141 729 4197 originem
737 4134 780 4181 rai
791 4134 839 4193 ,τορὶ
847 4152 861 4180 a
870 4150 916 4195 qno
923 4134 986 4177 {luxit
995 4132 1119 4177 latinorum

618 4224 669 4270 per,
680 4219 702 4251 et
711 4204 753 4250 τοῦ
768 4198 841 4265 rapi,
856 4219 868 4247 a
881 4219 928 4264 qtro
940 4200 1055 4247 Gal'orum
1066 4215 1117 4260 par.
