2820 5018
490 429 582 491 LIB.
607 426 637 501 I,
662 425 757 487 ΕΑΒ.
782 423 918 487 XXXI.

181 565 224 629 Et
237 589 388 631 exercere
402 570 575 655 imperium
589 568 682 631 saevis
696 565 870 653 unguibus.

181 672 278 736 Tunc
290 672 332 736 de
345 675 479 763 reliquis
491 698 556 737 uno
568 698 575 735 t
589 674 710 737 Illerito
723 672 907 759 plectimur.

215 831 250 876 13.
265 836 361 879 Tunede
369 834 458 897 relt'qilit
469 851 521 879 una.
532 835 567 878 Sic
577 833 639 878 MSS.
648 832 707 877 Pith.
719 844 742 876 ct
751 834 815 876 Ilcru.
826 847 902 892 neque
912 829 978 875 aliter
989 830 1046 874 I'itb.
1057 826 1162 874 Ilittersb.
1175 829 1223 872 a'e-

178 901 225 947 rel.
237 904 272 949 alii
283 918 331 951 tum
342 908 451 968 temporis
462 907 568 957 edidere,
581 903 666 966 quibus
676 916 699 949 et
709 919 752 963 ego
761 903 859 948 libenter
868 903 993 949 obsecutus
1004 917 1061 947 rum.
1075 901 1118 945 Sed
1130 897 1224 959 Ilipula,

178 971 239 1017 salto
246 987 341 1036 putaui,
351 978 432 1023 vitium
439 979 512 1022 inerte
520 986 609 1028 metro,
620 987 699 1019 contra
712 973 780 1018 iidem
788 973 861 1018 Codd.
871 975 933 1019 blffi.
942 975 1027 1035 primur
1035 971 1185 1031 transposuit,
1197 970 1225 1014 de

176 1042 273 1107 reliquis
281 1056 333 1093 tunc
341 1065 399 1101 urin,
410 1062 435 1094 ut
447 1047 539 1110 reliquis
552 1058 612 1091 estet
624 1044 768 1107 trisyllabon,
780 1047 851 1107 prima
862 1044 946 1108 syllaba
955 1045 1076 1106 producta.
1088 1044 1225 1101 Perpernam

178 1128 229 1158 non
240 1119 300 1163 enim
312 1120 415 1174 videbat,
426 1119 517 1183 neliqiiir
527 1130 628 1180 quatuor
635 1133 685 1162 erse
693 1116 836 1178 syllabarum.
847 1118 883 1162 Sic
893 1118 952 1161 enim
962 1116 1024 1177 apud
1034 1128 1123 1160 veteres
1135 1125 1228 1172 temper

177 1186 324 1237 efferebatur
333 1192 382 1237 baie
391 1208 436 1238 vor
447 1209 453 1237 :
466 1191 490 1236 id
502 1192 565 1253 quod
577 1193 636 1236 adeo
647 1190 796 1236 observatum
808 1191 923 1235 veteribus
937 1192 1023 1251 poetis,
1036 1200 1075 1241 ut,
1088 1186 1225 1230 observante

176 1258 252 1303 Bend.
261 1297 266 1316 ‚
279 1279 349 1309 aurea
356 1275 422 1308 atate
430 1278 499 1308 nerno
510 1261 625 1325 triayllobo
635 1278 664 1307 eo
672 1278 727 1307 utut
736 1262 815 1307 luerit.
824 1264 898 1322 Quem
907 1262 966 1306 enlm
973 1275 1054 1305 rocem
1062 1260 1079 1303 ai
1087 1258 1225 1309 Hernicum,

175 1339 218 1372 eut
231 1330 360 1391 Elegiacum
371 1348 464 1378 carmen
477 1332 615 1385 admotaet,
628 1335 692 1379 aurei
704 1334 745 1377 avi
758 1345 832 1394 poeta:
844 1334 892 1377 tine
904 1331 977 1377 dubio
989 1331 1019 1376 ab
1030 1330 1097 1375 obvio
1110 1343 1166 1373 voce
1180 1342 1226 1371 non

176 1394 349 1447 abstinuitaent.
361 1405 441 1447 I'ortea
450 1393 600 1464 τρισόλλαΐον
611 1402 697 1446 Iactum
707 1401 773 1447 Iaeile
784 1401 956 1447 admittebatur.
964 1400 1016 1445 Vid.
1027 1397 1123 1444 blertiul.
1135 1398 1175 1451 tv,
1186 1395 1224 1451 lna.

175 1467 285 1516 Juvenal.
297 1474 325 1526 V,
341 1471 394 1525 153,
409 1488 459 1533 qun
471 1472 522 1518 loca
534 1472 647 1518 Bentleiua
659 1485 780 1518 memorat.
791 1473 880 1518 Deinde
892 1471 1001 1517 Pbadrur
1011 1472 1034 1515 in
1044 1470 1092 1515 aliie
1100 1469 1156 1515 lecit
1167 1483 1227 1529 quo-

176 1535 328 1598 driryllabunt
343 1555 434 1602 temper
448 1543 509 1587 Iacit.
523 1544 558 1587 Sic
575 1542 614 1586 lib.
629 1544 673 1599 III,
689 1542 736 1588 tab.
752 1544 792 1598 tv,
808 1559 834 1597 a,
847 1545 906 1587 brer
916 1542 1013 1604 reliqit'as
1025 1555 1121 1594 merres,
1131 1539 1170 1584 lib.
1184 1539 1225 1591 tv,

174 1606 251 1653 fabul.
271 1611 351 1665 XXIV,
368 1612 612 1676 12,quuntreliqiium
622 1623 731 1675 posceret.
749 1614 837 1674 Inspice
851 1629 945 1676 quoque
959 1613 1022 1666 loca,
1037 1627 1088 1672 quae
1097 1609 1190 1655 Ilentlci.
1204 1620 1227 1653 et

174 1678 305 1725 Derbillon.
319 1682 450 1742 producunt
462 1701 475 1729 e
488 1686 607 1738 Lucretio,
618 1687 728 1730 'terentio
740 1698 763 1730 et
774 1684 864 1730 Plauto.
876 1686 933 1744 Quae
943 1684 1027 1728 docent
1038 1683 1126 1736 omnia,
1136 1679 1167 1724 uiI
1177 1693 1227 1723 erte

176 1748 329 1804 mutandum,
347 1766 369 1797 et
385 1752 506 1799 infeliciter
522 1753 657 1799 Nevcletum
673 1767 743 1815 atque
756 1756 824 1799 etiam
840 1755 958 1799 Ileiruium
974 1753 1003 1797 ed
1015 1751 1055 1796 lib.
1068 1752 1114 1804 III,
1127 1747 1173 1794 tab.
1187 1750 1227 1803 IV,

180 1829 208 1871 a,
224 1819 364 1877 conjecisse,
380 1821 408 1866 de
420 1820 465 1866 reli.
475 1825 513 1878 tir,
530 1822 713 1883 improbantibus
725 1823 802 1868 Gutlio
814 1836 837 1868 et
849 1825 988 1868 Burmanno.
1002 1822 1086 1866 Merito
1097 1831 1175 1864 autem
1186 1830 1230 1860 nu-

177 1900 233 1930 rum
245 1888 317 1934 videri
329 1894 411 1952 possit,
425 1891 534 1953 plurimos
551 1894 647 1939 (lritieos
659 1892 778 1955 Rigaltitrm
792 1910 842 1939 cere
857 1906 962 1946 secutor,
975 1895 1035 1937 inter
1047 1906 1106 1953 quos
1118 1884 1230 1934 Derbillo·

178 1957 245 2011 nius;
258 1961 300 2003 etsi
313 1958 350 2004 bic
360 1961 420 2007 dicat
431 1964 454 2006 in
467 1963 570 2008 Addend.
584 1964 613 2008 ad
627 1966 678 2008 Not.
695 1979 716 2025 p.
732 1978 806 2009 revit.
821 1986 831 2003 ι
841 1963 964 2023 Iligeltium
976 1963 1036 2007 forte
1048 1977 1094 2006 non
1106 1960 1157 2003 ratis
1171 1971 1230 2018 pru-

178 2026 264 2073 denter
275 2047 326 2076 eum
339 2032 385 2078 aliis
396 2034 445 2079 lere
455 2036 561 2080 omnIbus
571 2035 659 2080 Criticir
672 2038 743 2081 receti
754 2053 841 2082 ennius.
852 2057 862 2076 ι
875 2035 959 2079 I‘raeter
966 2036 1014 2094 jem
1023 2033 1165 2085 nominator,
1179 2037 1231 2073 tuuc

177 2098 208 2142 de
220 2098 309 2164 telt'qiiis
321 2104 456 2150 ediderunt:
470 2108 581 2159 Ursinus,
598 2105 693 2151 Bentlei.
709 2107 895 2169 Cuningbamur,
907 2107 1000 2150 tvaim
1012 2105 1035 2148 in
1047 2106 1126 2149 Seuer.
1139 2117 1162 2161 p.
1179 2097 1222 2145 136

177 2168 314 2228 Sulmmittr,
328 2177 367 2236 qui
380 2176 447 2220 erribi
462 2176 522 2229 vult,
540 2187 592 2222 tuuc
609 2179 636 2221 de
652 2176 752 2232 relictus,
766 2179 844 2225 Didot.
859 2180 932 2224 Etiam
948 2178 1091 2221 bumannus
1103 2171 1165 2217 lavet
1175 2169 1230 2214 buic

178 2236 288 2296 leetIoni,
304 2246 345 2288 etti
360 2244 469 2301 ediderit,
483 2247 510 2291 de
524 2246 616 2311 reliquis
633 2257 697 2302 tune,
713 2249 777 2310 quod
794 2250 862 2295 etiam
878 2247 993 2309 Ilipontioi
1007 2245 1115 2291 retinent.
1133 2243 1167 2285 De
1184 2238 1229 2283 boe

177 2311 233 2357 loco
245 2314 308 2359 conf.
321 2317 374 2361 b'ot.
388 2318 469 2373 (ludu,
482 2319 578 2364 Bentleii
590 2332 612 2364 et
625 2322 755 2366 Burmanni.

179 2445 314 2501 hubald.
328 2449 372 2502 lib.
388 2454 459 2518 VIII,
474 2454 682 2526 bonsicapri·
722 2456 779 2507 Lib.
794 2457 841 2519 III,
862 2454 915 2506 lab.
931 2454 980 2518 VI,
999 2468 1045 2504 to:
1070 2448 1141 2499 «hac
1155 2445 1224 2496 deri·

178 2546 246 2578 num
257 2532 330 2599 jecur
341 2548 510 2585 vescantur.»
527 2536 680 2588 DeConetr.
722 2534 777 2587 deri
797 2533 885 2585 fabula
902 2535 994 2585 merito
1014 2543 1135 2602 potest,·
1159 2527 1223 2576 Bur'·

178 2605 260 2675 bujus
275 2610 345 2660 verbi
361 2613 444 2662 Burin.
461 2612 550 2663 laudat
568 2611 681 2663 Ilrouelr-
722 2632 832 2663 mannus
852 2613 928 2664 affert
947 2611 1034 2663 locum
1052 2610 1122 2662 Suet.
1142 2607 1220 2674 Vetp·

177 2683 238 2737 hus.
253 2688 286 2739 ad
299 2688 394 2741 Tibull.
408 2692 442 2754 II,
455 2688 493 2741 El.
507 2692 539 2754 V,
554 2690 587 2740 63
603 2709 641 2760 sq.
655 2710 678 2741 v.
721 2693 782 2742 XII:
797 2693 910 2743 «merito
920 2691 1042 2761 sepienti.
1054 2712 1065 2733 ι
1078 2689 1131 2738 Cic.
1143 2687 1178 2750 II,
1189 2684 1221 2735 de

178 2767 258 2818 etiarn
270 2769 344 2817 Voss.
358 2767 390 2819 tle
402 2769 504 2819 Constr.
519 2786 578 2836 cap.
594 2785 640 2831 aa,
656 2782 681 2819 et
720 2771 775 2823 Off.
789 2772 820 2833 8,
835 2795 845 2816 σ
853 2773 912 2840 jure
923 2768 1161 2839 igiturplectintur,
1173 2787 1183 2809 ιι
1197 2777 1223 2815 et

178 2843 296 2897 Walchii
308 2846 374 2895 Dies.
388 2844 420 2895 de
433 2844 500 2916 stylo
508 2846 608 2898 Phaedri
619 2866 679 2918 pag.
721 2851 787 2919 Nep.
806 2852 859 2900 Att.
882 2868 907 2900 tr
921 2869 927 2896 :
948 2872 959 2894 ι
970 2850 1072 2899 caritne
1084 2865 1136 2916 qua
1150 2847 1176 2895 in
1194 2862 1221 2894 re

180 2922 224 2993 76.
233 2922 398 2992 -st'rtpulns,
409 2942 488 2975 unam
495 2938 556 2994 post
566 2924 680 2976 alteram.
718 2929 778 2995 jure
792 2926 955 2997 plecteretur.
967 2950 978 2971 υ
996 2927 1103 2976 Vertere
1119 2924 1220 2993 possis:

176 2998 241 3050 Vid.
254 2997 286 3048 atI
298 2999 340 3048 lib.
354 3001 377 3061 I,
389 3000 442 3050 tab.
455 3003 492 3065 II,
505 3002 547 3052 25.
726 3007 779 3057 Uns
786 3006 915 3079 peecbt'ebt
926 3006 1004 3057 sebon
1018 3003 1096 3054 recte.

221 3094 260 3127 ta.
269 3077 347 3129 soevt's.
355 3079 426 3129 Nota
433 3078 680 3150 ornatumEpitbeti.
757 3085 886 3155 Compara
898 3081 1001 3135 Ilomuli
1011 3080 1056 3130 lib.
1068 3081 1105 3139 II,
1118 3075 1170 3127 lab.
1184 3077 1222 3135 II;

179 3155 237 3207 Lib.
247 3157 272 3222 I,
282 3155 335 3206 tal».
346 3158 406 3219 XII,
421 3173 465 3220 tt,
476 3156 539 3208 dixit
551 3158 609 3209 taeui
617 3174 682 3208 mor·
722 3162 867 3232 Apbtbonii
879 3162 932 3212 tab.
946 3161 1020 3220 XXI;
1031 3158 1161 3228 Anonymi
1173 3156 1223 3205 Ne·

180 3253 227 3287 tur.
243 3234 301 3285 vid.
318 3235 350 3286 ad
365 3234 408 3286 lib.
422 3237 446 3301 I,
467 3236 520 3287 tab.
533 3238 569 3299 II,
592 3253 637 3299 to,
657 3250 682 3287 et
722 3238 799 3292 veleti
813 3239 865 3291 tab.
877 3240 957 3290 XXII.
970 3239 1068 3289 Omnes
1082 3234 1156 3287 aliter
1167 3252 1220 3284 rern

182 3314 216 3365 ad
226 3314 271 3366 lib.
285 3317 321 3379 II,
337 3316 390 3368 fab.
404 3319 452 3382 III,
471 3333 497 3382 t,
512 3316 557 3368 ubi
571 3335 594 3368 v.
610 3318 642 3367 V.
653 3317 681 3368 L.
722 3334 842 3383 narrant,
860 3338 890 3370 ac
902 3315 1032 3369 Phaedrus.
1048 3314 1099 3367 Sed
1113 3316 1220 3385 Anony-

180 3393 219 3446 CI.
229 3395 336 3447 Sattler:
348 3395 682 3470 blut’qulouen.-aer-
722 3418 779 3450 mus
797 3398 849 3450 Nil.
869 3397 909 3466 (v.
924 3396 977 3449 lab.
993 3394 1084 3464 XXII)
1101 3406 1221 3445 accurate

181 3493 237 3526 cere
248 3476 395 3546 imperium.
415 3475 478 3527 Plio.
493 3478 524 3527 II.
537 3478 569 3527 tt.
583 3474 628 3526 lib.
644 3477 681 3541 X,
722 3476 907 3530 instetPhaedri
922 3475 1046 3545 vestigiis,
1061 3475 1153 3544 saepius
1164 3474 1221 3544 ipra

184 3572 230 3618 21,
243 3573 355 3605 exercere
365 3574 487 3626 reputem,
500 3555 533 3607 de
541 3554 624 3627 pallis.
722 3571 805 3629 poete
815 3557 892 3608 verba
903 3556 1024 3608 retinens.
1035 3553 1110 3604 Adde
1117 3552 1221 3605 Ilomuli

221 3633 261 3683 13.
275 3635 306 3684 dc
317 3634 423 3707 reliquis
435 3654 494 3685 utta.
508 3634 589 3687 Simili
603 3633 681 3685 inodo
721 3636 773 3689 Nil.
784 3636 837 3687 fab.
849 3636 917 3687 XIX
928 3636 1106 3687 InventIonem
1116 3632 1219 3699 fabule,

181 3711 227 3763 lib.
245 3714 292 3777 III,
309 3713 362 3764 Iab.
378 3715 452 3777 XIX,
474 3732 503 3783 7:
525 3713 652 3786 ..quidam
667 3734 681 3765 e
723 3727 813 3784 utpote
830 3731 922 3783 parurn
938 3712 1115 3784 probabilem,
1132 3729 1220 3781 repre-

182 3790 260 3842 turba
277 3793 410 3861 garrulus:
422 3817 433 3837 ·
452 3807 478 3845 et
496 3794 539 3845 lib.
560 3796 608 3856 III,
626 3793 679 3845 sab.
722 3793 811 3845 bendit
821 3794 853 3843 V.
864 3791 901 3844 CI.
914 3793 1018 3845 Jacobs.
1031 3795 1059 3844 iu
1072 3792 1211 3844 Observett

180 3872 233 3935 IX,
244 3869 259 3920 5
270 3893 276 3920 ;
292 3895 302 3915 ι
313 3871 436 3942 epopulo
449 3875 613 3945 nescioquis.
625 3898 636 3919 a
645 3904 682 3914 -
720 3877 746 3924 in
760 3872 858 3925 Phaedri
871 3872 987 3933 IabuIas;
1002 3871 1059 3922 vide
1073 3869 1221 3941 Nachtriipe

181 3946 550 4018 Meritopleetimur,rnerito,
561 3957 682 4024 quiacre·
721 3973 752 4005 zu
763 3952 862 4007 Sulzers
878 3952 986 4004 Tbeorie
999 3954 1029 4002 T.
1045 3951 1092 4012 VI,
1108 3951 1135 3998 P·
1149 3950 1174 4014 I,
1193 3967 1219 4018 p.

180 4027 293 4080 dulitate
302 4043 327 4079 et
337 4031 508 4101 imprudentia
518 4052 606 4084 sumus
615 4032 682 4084 cala·
722 4031 769 4097 58,
785 4047 809 4084 et
823 4033 857 4084 ef.
874 4031 1028 4099 Boulangeri
1042 4025 1181 4087 Fabulam,
1197 4024 1222 4074 t«

180 4107 279 4160 mitatis
288 4122 380 4159 nostre
391 4125 517 4164 auctores.
528 4112 584 4162 Lib.
596 4112 616 4175 I,
626 4111 679 4162 fab.
722 4112 809 4163 Milan
817 4121 841 4162 et
849 4110 884 4162 les
892 4111 1016 4183 Piqeons,
1025 4106 1068 4158 lib.
1077 4108 1112 4170 II,
1121 4102 1174 4155 tab.
1183 4103 1220 4167 II,

179 4186 270 4251 XXII,
289 4203 320 4256 9,
341 4185 418 4257 dixit,
444 4192 556 4243 nmerito
574 4192 678 4258 jaces.»
721 4208 747 4261 p.
761 4190 805 4256 4ο.
