2820 5018
314 453 568 536 ANTlQUl'l'.
592 452 772 517 SCRIPT.
798 452 1098 524 DISPUTATIO.
1164 467 1227 552 275

181 606 220 653 ut
235 595 324 653 uitam
340 591 492 654 bominum
507 606 536 653 et
550 613 642 652 mores
659 591 829 666 ostenderet,
845 593 964 654 inducit
978 602 1111 678 aves(r);
1130 619 1164 665 ut
1183 619 1229 669 m.

177 703 268 742 oeam
283 682 321 743 de
340 682 415 743 aliis.
432 684 523 742 Vides
541 683 573 742 in
593 683 697 763 paucis
716 680 797 741 hisce
816 684 960 764 exemplis
974 686 1135 768 dimidios,
1153 697 1230 776 quid

177 771 269 853 quod
288 773 425 854 integros
446 772 581 844 Phaedri,
602 792 695 852 quem
717 769 808 831 hodie
826 770 989 849 habemus,
1008 797 1128 852 versus3
1147 785 1232 849 vides

180 862 336 922 vocabula
354 866 491 944 poetica,
510 861 683 944 profecta'a
704 876 808 943 poeta,
831 865 997 924 venustatis
1020 881 1050 926 et
1072 869 1232 951 elegantia

181 970 276 1010 sensu
289 950 424 1023 imbuto,
436 951 476 1010 ab
489 951 613 1030 ingenio
622 948 796 1030 glossatoris
808 950 931 1010 barbari
941 951 1050 1013 aliena.
1062 957 1121 1017 late
1130 973 1234 1023 autem

183 1037 336 1097 Romulus
347 1059 446 1119 quum
458 1051 647 1099 memoretur
658 1059 676 1096 a
688 1038 853 1098 Vincentio
864 1038 1127 1124 Bellovacensi(2),
1141 1068 1235 1128 quem

185 1126 286 1187 XXIX
303 1127 424 1187 fabulas
444 1127 568 1187 Romuli
587 1127 740 1209 AEsopias‚
762 1148 852 1209 prosa
872 1129 1016 1210 scriptas,
1039 1133 1164 1212 Speculo
1184 1157 1235 1198 sno

182 1211 342 1273 doctrirrali
363 1215 537 1289 inseruisse,
558 1228 588 1274 et
610 1234 694 1274 anno
716 1233 875 1274 croccuxrv
897 1215 980 1276 diem
1004 1218 1113 1281 obiisse
1133 1243 1236 1305 supro·

186 1321 292 1376 mum,
307 1323 399 1384 supra
413 1301 503 1364 docui
513 1304 572 1382 (3),
586 1317 666 1364 certe
682 1302 783 1362 saeculi
797 1305 853 1363 Xll
869 1305 1066 1386 scriptoribus
1078 1330 1236 1375 accensen-

182 1388 246 1449 dus
258 1405 315 1463 est,
327 1392 353 1449 si
365 1403 469 1451 nmen
482 1411 548 1450 non
559 1404 603 1451 est
615 1390 780 1471 antiquior.
794 1391 838 1449 Ex
849 1412 911 1472 quo
922 1392 1093 1457 luculenter
1107 1398 1240 1482 intelligi

186 1493 300 1563 potest,
308 1479 431 1540 Phaedri
441 1479 561 1540 fabulas
573 1501 637 1540 non
651 1501 712 1540 esse
723 1502 809 1565 posse
821 1480 919 1540 letum
932 1485 1060 1558 Perotti3
1072 1508 1171 1569 quum
1183 1493 1238 1551 llo·

187 1567 294 1629 mulus
301 1567 430 1650 jamjam
443 1582 515 1629 ante
526 1569 671 1629 saeculum
682 1568 715 1626 P.
727 1569 760 1628 C.
771 1569 807 1628 N.
818 1569 889 1629 Xlll
902 1570 1018 1632 iambos
1031 1572 1112 1635 illius
1125 1579 1157 1636 in
1171 1600 1240 1660 pro·

186 1677 258 1717 nm
276 1658 447 1731 resolverit,
463 1678 528 1717 non
546 1677 617 1718 raro
634 1658 757 1717 servatis
775 1657 908 1717 melioris
924 1671 1020 1740 poetae
1039 1664 1147 1727 verbis.
1164 1668 1241 1742 Quae

185 1744 417 1807 confirmantur
442 1768 514 1806 cum
535 1747 718 1826 antiquitate
738 1745 859 1806 Codicis
878 1748 1141 1829 Divionensis(4),
1164 1775 1242 1834 qua.

188 1831 429 1915 dringentorum
441 1848 470 1894 et
482 1835 615 1914 amplius
627 1854 799 1905 annorum,
811 1847 880 1890 tum
892 1831 1003 1892 fabulis
1015 1837 1148 1917 antiquis
1160 1843 1243 1903 Ano-

189 1922 281 2003 nymi
294 1919 435 1993 uitandi,
454 1922 508 1999 qui
525 1917 699 1992 arcadem,
717 1938 778 1997 quo
792 1918 958 1991 Romulus,
976 1917 1063 1981 fonte
1081 1938 1243 2004 prata-sua

189 2010 346 2092 irrigarit,
359 2011 378 2070 i.
390 2032 416 2071 e.
429 2031 446 2070 e
457 2008 570 2069 Codice
582 2007 700 2068 Phaedri
713 2008 775 2067 MS.
786 2007 891 2067 multis
903 2007 977 2068 locis
989 2014 1111 2073 retentis
1123 2013 1246 2084 Phaedri

189 2115 222 2161 et
234 2100 376 2173 vocibus,
388 2114 418 2160 et
432 2098 580 2181 loquendi
593 2097 733 2157 formulis
746 2110 776 2156 et
791 2098 917 2178 integris
930 2099 1080 2175 versibus3
1093 2103 1150 2178 ita,
1163 2108 1245 2169 utin

189 2187 292 2269 capite
305 2187 424 2249 Codicis
436 2185 625 2247 Fabularum
636 2187 837 2266 antiquarum
850 2184 1017 2261 Leidensis,
1028 2209 1046 2247 a
1061 2189 1198 2252 Nilautio
1211 2195 1245 2261 in

191 2276 304 2358 vulgus
317 2274 406 2351 editi,
422 2295 534 2347 manu,
550 2288 585 2332 ut
600 2273 736 2347 videtur,
754 2274 867 2333 Petavii
883 2271 947 2334 haec
964 2275 1115 2359 adscripta
1129 2295 1243 2343 essent:

193 2362 317 2440 laurum,
331 2386 396 2446 qun
410 2377 584 2445 equitatur,
591 2361 768 2446 fabularum
783 2362 918 2444 quodam
930 2376 998 2424 suat
1010 2385 1026 2425 e
1039 2368 1166 2431 Plroedro
1179 2391 1245 2433 ver-

193 2452 292 2515 batim
301 2452 457 2516 desumtte.
466 2454 532 2534 lpse
541 2450 642 2511 Codex
650 2452 893 2531 quingentorum
903 2450 967 2512 fere
978 2474 1148 2535 annorum,
1159 2460 1245 2543 cujus

193 2540 370 2603 uberiorem
382 2540 616 2622 descriptionem
626 2539 779 2599 Nilantius
791 2538 875 2599 dedit
887 2541 920 2600 in
933 2541 1126 2623 praefatione,
1137 2547 1246 2611 litteris

194 2649 262 2693 non
274 2630 443 2690 admodum
457 2628 626 2710 grandibus
642 2643 798 2702 exaratus,
812 2629 907 2710 longa
925 2645 1070 2694 vetustate
1085 2649 1115 2694 et
1129 2637 1246 2698 creber·

194 2723 277 2781 rinm
289 2719 420 2780 lectione
433 2718 537 2778 multis
551 2718 584 2776 in
596 2717 735 2800 partibus
747 2718 862 2779 mirum
876 2734 1029 2800 quantum
1044 2722 1186 2802 detritus,
1198 2727 1245 2786 in·

195 2807 277 2870 dicio
287 2823 346 2881 est,
358 2806 494 2882 fabulas,
505 2827 582 2888 quas
596 2807 653 2866 sub
666 2804 784 2866 Phaedri
796 2808 924 2867 nomine
936 2807 1099 2887 babemus,
1112 2830 1183 2874 ante
1196 2834 1249 2875 sae·

197 2895 304 2959 culum
323 2897 388 2970 XV,
409 2898 429 2956 i.
448 2917 474 2956 e.
492 2909 565 2954 ante
585 2896 699 2956 Perotti
716 2908 851 2970 etatem,
870 2897 995 2978 scriptas
1013 2919 1084 2959 esse.
1107 2903 1144 2960 At
1163 2923 1247 2963 secus

194 2985 290 3047 sentit
298 2983 457 3047 Christius.
468 2983 531 3043 Etsi
542 2983 627 3044 enim
640 2984 673 3043 in
684 2983 795 3044 Codice
808 2984 985 3044 Divionensi
999 3005 1084 3066 reque
1096 3008 1130 3047 ac
1142 2990 1174 3047 in
1187 2989 1252 3050 edi·

194 3076 284 3137 tione
295 3072 433 3133 Ulmensi
440 3070 642 3153 Metapltrasis
653 3071 705 3132 illa
715 3071 894 3133 fabularum
906 3074 1099 3153 AEaopiarum
1111 3076 1248 3155 prosaica

194 3162 335 3227 Romulo
351 3162 460 3224 diserte
476 3161 670 3236 adscribitur3
690 3183 790 3243 neque
808 3162 900 3222 etiam
917 3181 936 3220 e
954 3163 1153 3222 monimentis
1169 3167 1248 3226 anti·

186 3255 326 3339 ,quitatis
339 3254 462 3336 probari
478 3266 590 3335 potest,
607 3250 705 3327 hunc,
721 3266 775 3313 aut
792 3252 888 3311 alium
906 3264 1027 3332 poetam
1043 3257 1248 3334 composuisse

194 3341 336 3415 fabulas,
353 3341 486 3403 iambico
503 3354 604 3401 metro
621 3342 762 3422 scriptas,
779 3353 881 3421 postea
896 3340 931 3401 in
947 3359 1068 3417 prosam
1083 3342 1245 3404 resolutas:

192 3430 352 3495 Christius
362 3445 466 3491 tamen
478 3429 582 3511 fingit,
596 3450 631 3489 ex
644 3428 702 3490 hoc
714 3428 848 3489 Romulo
862 3442 962 3510 poeta,
977 3425 1104 3509 ejusque
1117 3431 1175 3490 sub
1189 3454 1247 3493 uo·

195 3520 421 3595 mine‚editam
430 3519 537 3580 fuissse
545 3519 703 3579 verbosam
716 3521 804 3579 istam
816 3530 846 3578 et
855 3517 1018 3578 barbaram
1027 3519 1247 3600 Metaphrasin,

194 3629 298 3692 quam
316 3609 356 3668 ab
376 3611 441 3689 ipso
457 3607 606 3682 Romulo,
626 3604 810 3669 Atheniense
826 3607 1060 3688 praeseminis),
1079 3607 1247 3689 prolectam

235 3838 278 3912 (t)
286 3838 412 3894 Romulus
421 3841 495 3892 Pras.
507 3842 535 3892 L.
548 3843 573 3902 l;
585 3838 706 3892 Phaedrus
781 3841 819 3914 (4)
837 3840 894 3893 Vid.
915 3842 996 3892 Notit.
1013 3841 1102 3892 Litter.
1119 3838 1152 3891 de
1163 3840 1245 3894 Codd.

197 3919 273 3976 Prol.
287 3921 316 3973 L.
328 3924 375 3988 lll,
391 3923 433 3976 50.
747 3921 817 3973 MSS.
831 3926 861 3970 n⁰
874 3920 899 3986 4.

243 4000 284 4072 (a)
303 4000 407 4072 Specul.
428 3999 560 4054 Historial.
580 4001 638 4054 Lib.
662 4002 706 4064 lV,
782 4000 1248 4073 (RRomulumpessimecivemrlthe-

197 4100 264 4153 cap.
278 4099 301 4132 a.
747 4083 861 4132 niensern
875 4079 979 4143 haberi,
996 4077 1101 4148 intelligi
1118 4091 1203 4149 potest
1217 4097 1248 4130 ex

236 4162 327 4233 (3)ct,
344 4163 428 4217 Notit.
442 4165 502 4217 un
520 4163 553 4216 dr
569 4163 707 4216 Vincentio
746 4164 791 4226 iia,
807 4179 863 4230 qun
877 4178 955 4230 supra
970 4161 998 4211 in
1014 4160 1095 4211 Notit.
1110 4160 1199 4216 noer.
1215 4159 1248 4211 de

196 4242 389 4298 bellovacensi.
748 4237 859 4291 Romulo
870 4237 1006 4308 disputari.

1031 4322 1069 4375 rt.
