2820 5018
16 424 53 488 18
354 414 467 477 Vl'lil
490 414 706 477 PllAEDRl.

11 569 62 630 hic
77 567 219 626 observat
237 556 446 616 Desbillonius
467 558 524 633 (ι),
548 556 683 636 patuisse
701 552 860 613 Tiberium
880 575 981 636 parvo
999 554 1054 617 illo

12 654 112 737 tigillo
125 646 209 730 quod
224 664 306 703 ranae
326 645 491 724 inquinant
505 642 593 702 omni
605 640 793 702 contumelia
806 662 873 701 non
886 643 992 724 inepte
1004 641 1055 701 de·

12 741 147 822 signari:
162 739 317 795 llontanos
332 735 415 792 enim
431 754 465 791 ac
480 751 543 814 prae
563 733 668 791 ceteris
687 729 777 791 duces
795 733 985 791 exercituum
998 731 1056 791 mi·

12 833 156 908 litesque,
175 838 204 882 ct
224 821 322 879 multo
343 823 434 879 etiam
454 821 551 900 inagis
566 821 662 879 socias
681 832 783 900 gentes
798 816 1057 901 bispotissimum

10 912 202 997 temporibus
220 908 374 989 aspernari
388 927 459 966 eum
474 907 615 988 coepisse;
627 907 713 987 quod
724 906 845 986 imperii
864 905 987 967 clavum
1007 904 1058 965 de·

12 1025 109 1066 serere
127 1000 289 1071 videretur,
311 1012 339 1055 ct
359 1000 487 1078 ignavus
507 997 684 1077 Caprearum
698 1007 823 1076 anqusta
836 999 868 1055 in
886 1016 959 1078 rupe
977 995 1056 1057 sede·

13 1105 56 1152 net
73 1093 130 1168 (a),
155 1103 246 1167 atque
261 1085 417 1158 otiaretur,
439 1096 540 1142 tutore
560 1082 680 1163 Sejano.
701 1084 788 1141 'liruc
804 1084 915 1157 etiam,
930 1095 1057 1143 auctore

12 1180 115 1240 Tacito
137 1176 198 1254 (3),·
222 1172 399 1234 corttumelioe
420 1175 450 1231 in
471 1193 537 1231 eum
557 1171 659 1246 dium
681 1185 710 1231 et
720 1170 814 1253 fluxa
835 1173 915 1231 senio
936 1183 1059 1233 memet

12 1270 146 1328 continuo
158 1263 287 1323 abscessu
298 1259 515 1321 ueluteusilium
527 1261 687 1341 aliquanto
697 1273 768 1342 post
777 1282 796 1319 a
806 1259 939 1321 lbleinio
952 1263 1059 1322 Trium

12 1354 130 1439 objecta.
143 1355 214 1413 Non
226 1366 330 1410 tamen
344 1350 525 1409 crediderim
540 1348 722 1424 Phaedrum,
736 1351 849 1411 omissa
861 1350 1058 1426 cnrdelitate,

12 1444 115 1504 solum
129 1442 285 1521 ignaviam
307 1454 398 1519 atque
416 1437 614 1496 inutilitatem
631 1437 746 1496 Tiberii
765 1436 872 1497 fabula
885 1451 1060 1497 memorata

13 1529 149 1592 deridere
174 1528 327 1599 voluisse,
355 1524 441 1605 quod
469 1524 579 1584 volunt
605 1525 815 1585 Desbillouius
842 1539 872 1585 et
895 1526 1058 1587 Tristanus

12 1620 148 1698 (Histoire
161 1615 208 1674 des
220 1634 396 1694 empostae,
409 1613 479 1673 loco
492 1634 564 1672 mox
578 1613 723 1691 citando).
738 1613 877 1673 Crudelis
896 1615 980 1673 enirn
995 1634 1059 1675 esse

13 1726 80 1764 uon
96 1702 229 1762 destitit:
243 1721 309 1759 non
324 1701 417 1779 igitur
431 1699 528 1758 alium
546 1720 601 1780 per
614 1697 749 1781 hydrum
764 1701 918 1761 natavisse
936 1701 1062 1761 videtur·

12 1806 118 1876 poeta,
133 1810 228 1872 quam
247 1787 364 1847 huncce
379 1788 595 1869 imperatorem
611 1788 661 1866 (4),
680 1791 738 1847 uisi
755 1790 824 1870 quis
839 1791 930 1849 malit
945 1787 1060 1850 intelli·

12 1900 82 1962 gere
93 1876 251 1956 Sejanum,
274 1875 512 1932 instrumentum
531 1871 719 1931 crudelitatis
741 1894 814 1933 suae.
834 1876 941 1956 Neque
962 1874 1062 1957 objici.

10 1982 111 2051 potest
123 1988 141 2026 a
153 1964 190 2025 cl.
202 1961 305 2023 Jacobs
317 1963 349 2018 in
362 1961 480 2020 erudita
495 1960 707 2019 dissertatione
721 1961 759 2021 de
772 1960 1003 2025 fabulatoribus
1014 1965 1059 2025 la·

11 2056 83 2115 tinis
101 2056 141 2131 (v.
154 2050 317 2130 iluelnn'iqe
332 2070 368 2107 zu
381 2047 496 2109 Sulzers
514 2046 649 2122 llieorie,
665 2062 740 2106 tom.
754 2048 795 2105 Vl
803 2094 812 2123 ,
823 2050 857 2107 P.
872 2052 897 2123 Ι,
911 2072 982 2133 pag.
998 2048 1059 2130 35)

10 2143 147 2226 hydrum
161 2143 253 2199 istum
269 2138 306 2196 dc
320 2138 461 2216 Caligula
473 2157 538 2196 non
550 2157 638 2216 posse
654 2135 798 2216 intelligi,
813 2140 887 2217 quia
899 2138 1009 2200 fabula
1021 2138 1059 2199 de

11 2233 94 2290 ranis
116 2248 221 2311 graecae
244 2229 281 2286 sit
294 2226 432 2303 originis.
454 2224 531 2299 Quae
543 2224 627 2282 enirn
639 2227 663 2283 si
677 2244 747 2282 vera
761 2239 876 2300 essent,
889 2228 940 2286 vix
955 2227 1064 2288 liceret

13 2316 196 2376 contendere
212 2312 369 2368 Tiberium
385 2332 402 2368 a
419 2309 550 2369 Phaedro
571 2332 626 2390 per
641 2310 777 2394 hydrum
795 2327 941 2373 notatum
954 2314 1058 2375 fuisse.

11 2402 68 2462 Sed
86 2404 154 2481 quis
173 2398 268 2480 possit
289 2395 429 2455 dubitare
451 2412 574 2477 poetam
592 2396 714 2457 fabulas
730 2398 769 2459 ab
783 2398 897 2482 [Esopo
917 2401 1058 2461 inventas

12 2506 41 2548 et
53 2511 71 2548 a
81 2511 111 2547 se
123 2486 259 2546 versibus
272 2485 396 2543 senariis
409 2484 534 2566 politas,
545 2487 636 2565 genio
645 2486 750 2546 saeculi
760 2487 1060 2563 accommodandam

12 2573 215 2652 eumdemque
228 2571 284 2630 sub
306 2572 439 2650 antiquis
454 2570 514 2632 illls
528 2573 643 2633 fabulis
656 2596 703 2634 res
722 2596 777 2633 sua
795 2576 948 2635 memoria
960 2592 1060 2657 gestat

11 2662 143 2723 voluisse
164 2660 365 2731 adurnbrare3
386 2681 483 2739 quum
503 2664 531 2720 ei
554 2683 640 2721 mens
661 2677 751 2737 esset,
772 2675 807 2722 ut
827 2664 892 2745 ipsc
910 2678 1058 2741 testatur,

11 2748 95 2808 Prol.
110 2750 169 2822 ΙΙΙ,
187 2751 234 2820 iio,
258 2749 345 2805 iritum
357 2759 382 2806 et
400 2768 489 2806 rnores
504 2747 653 2809 bantinum
666 2750 817 2811 ostendere.

53 2836 165 2894 Praeter
178 2832 321 2911 Sejnnum
340 2835 535 2915 subsequenti
550 2848 688 2917 ternpore
703 2858 769 2898 uon
786 2839 877 2918 pauci
893 2852 985 2897 erant
1003 2860 1060 2921 po-

11 2935 107 2985 tentes
122 2926 175 3005 qui
193 2921 315 2981 Plraedri
334 2923 447 2983 fabulis
459 2947 489 2985 se
501 2926 589 2985 laesos
603 2940 761 3007 putarent,
777 2927 919 3008 iramque
931 2950 1059 2989 evome-

10 3026 80 3070 rent
97 3014 129 3070 in
145 3025 301 3071 auctorem
319 3013 374 3090 (ὅ),
394 3034 471 3092 quos
487 3013 535 3073 hic
552 3029 656 3075 tamen
676 3014 838 3075 nominare
856 3036 924 3076 non
945 3016 1061 3091 auden

13 3098 46 3156 id
58 3101 142 3180 quod
156 3099 327 3158 luculenter
342 3104 467 3182 apparet
480 3124 515 3160 ex
527 3102 626 3183 Epil,
639 3103 693 3162 lib.
704 3102 762 3177 ΙΙΙ,
776 3122 824 3184 29,
837 3124 881 3185 sq.
891 3105 933 3184 (6)
948 3127 955 3162 :

154 3253 203 3305 Sed
214 3253 354 3305 dilliculter
364 3258 512 3308 continetur
521 3258 640 3328 spiritus,

153 3334 309 3399 Integritatis
320 3336 364 3404 qui
375 3336 479 3385 sincerae
489 3336 610 3387 conscius

154 3415 178 3463 A
186 3416 324 3465 noxiorum
334 3419 459 3486 premitur
468 3416 619 3468 insolentiis.

155 3494 208 3558 Qui
218 3497 407 3567 sintsequires:
419 3497 584 3569 apparebunt
591 3510 717 3567 tempore.

155 3573 212 3641 Ego
221 3575 355 3645 quondam
363 3575 414 3647 legi
425 3597 504 3650 quam
513 3595 579 3649 puer
588 3578 757 3643 sententiam,

47 3763 167 3835 (1)Disp.
175 3766 209 3818 de
218 3771 460 3844 vital’lradri‚pag.
473 3789 508 3824 ιι.
554 3773 576 3822 ri
593 3790 641 3842 per
657 3771 777 3844 hydrum.
791 3772 858 3826 Vide
873 3774 1006 3828 Addeuda
1025 3777 1061 3829 ad

48 3840 88 3913 (α)
97 3842 229 3897 luvenalis
240 3848 291 3900 Sat.
304 3852 343 3916 X,
354 3872 378 3902 v.
391 3850 434 3921 93.
554 3850 622 3902 Edit.
633 3853 784 3925 Heusinger.
794 3873 853 3905 ann.
866 3858 1016 3925 1772,Not.
1024 3858 1061 3909 K.

47 3920 87 3992 (3)
98 3923 190 3974 Annal.
201 3924 246 3977 lib.
254 3931 297 3995 tv,
305 3950 363 4002 cap.
374 3929 422 3996 42,
430 3944 456 3981 et
464 3928 509 3979 lib.
556 3942 582 3980 et
593 3926 626 3979 ad
637 3930 665 3978 L.
679 3933 703 3991 Ι,
715 3933 742 3981 F.
757 3935 791 3995 ΙΙ,
806 3933 846 3999 24.

12 3999 60 4065 VI,
72 4020 130 4072 cap.
144 4001 186 4054 38.
587 4004 808 4077 (5)neihil10n.l.
822 4032 845 4063 e.
857 4032 919 4083 pag.
932 4032 976 4079 tx,
988 4016 1060 4068 Prol.

47 4080 87 4152 (4)
97 4084 156 4133 dam
167 4081 229 4139 olim
240 4087 415 4159 Heusingerus
429 4085 508 4152 vidit,
553 4088 601 4152 lfl,
613 4086 674 4153 45..
685 4088 733 4159 47,
745 4091 804 4143 coll.
815 4092 881 4162 Epil.
894 4097 941 4160 ΙΙΙ,
954 4114 988 4167 29
1001 4104 1071 4171 sqq)

13 4150 147 4215 Tiberium
153 4181 209 4215 uun
218 4163 510 4239 Caligulamsiqnifica·
588 4163 627 4237 (6)
638 4165 708 4221 Alias
719 4167 765 4221 lib.
779 4173 821 4238 Ν,
833 4172 916 4241 XXV,
930 4191 964 4245 ²9
976 4194 1039 4249 sqq.
