2820 5018
424 448 488 511 An
512 444 785 510 EPILOGUM
806 444 898 508 nis.
924 446 972 508 ιι.
1158 451 1221 542 547

176 589 298 651 sirnihi
313 608 377 650 non
395 587 541 666 contigit,
558 600 593 645 nt
607 597 643 644 tu
657 584 740 664 legas
757 597 787 642 et
803 584 910 664 magni
927 583 1038 658 facias,
1056 589 1081 647 si
1099 591 1225 656 enimus

179 692 250 738 tuns
275 698 339 737 nun
362 677 488 749 sentiet,
509 686 575 733 arte
597 671 684 732 fictas
709 692 770 731 esse
796 670 932 748 fabulas,
963 695 999 735 ac
1019 674 1120 738 doctus
1144 678 1229 744 luder

180 763 240 827 illis
262 779 404 839 occwret,
427 765 456 824 id
477 777 521 823 est
545 765 578 821 in
599 782 650 822 eos
667 760 784 842 judices
807 761 936 838 incidet,
958 784 1048 845 quos,
1071 781 1126 829 etc,
1150 771 1228 848 Qum

178 855 355 937 conjectura
372 867 484 938 praeter
498 866 611 913 ceteras
626 850 749 910 arridet.
766 850 848 910 Cler.
868 850 1040 927 Reclusis,
1057 859 1131 937 quia
1147 860 1231 923 nihil

179 966 281 1028 posse,
294 947 353 1006 nisi
364 943 504 1004 meliores
514 961 651 1023 carpere,
663 952 734 1022 post
745 939 820 1000 dicit
831 940 992 1017 Phaedrus,
1005 943 1163 1026 vulgatam
1174 949 1233 1013 loe.

183 1036 358 1095 tionemita
375 1032 484 1114 effingi
501 1051 588 1113 posse
603 1029 773 1089 existimet:
790 1031 835 1088 sin
851 1041 948 1089 autem
962 1029 1001 1089 ub
1015 1030 1073 1091 illis
1086 1033 1175 1096 doctis
1184 1060 1232 1100 ω.

180 1136 275 1185 cumt
291 1121 381 1184 utor.
398 1121 453 1181 Sed
472 1140 569 1201 quum
587 1118 688 1178 doctus
710 1117 794 1178 labor
810 1117 914 1178 locum
936 1139 1026 1179 suum
1047 1133 1174 1186 tuentur
1193 1129 1234 1190 ob

184 1212 266 1317 Ppol.
280 1213 339 1287 111,
353 1212 405 1284 26,
418 1209 534 1269 hancce
543 1205 752 1288 conjecturam
764 1227 828 1267 non
841 1221 919 1289 puto
928 1228 989 1268 esse
998 1208 1236 1278 admittendam.

183 1301 344 1383 Brpontini
355 1296 582 1378 deniquehunc
595 1296 698 1358 locum
714 1309 858 1356 vexatum
871 1298 913 1356 sic
927 1298 1113 1362 emendent:
1127 1306 1174 1365 sin
1184 1326 1237 1366 ast·

185 1402 241 1485 terri
255 1388 294 1449 ab
308 1386 366 1448 illis
378 1386 478 1446 doctm
490 1384 624 1446 occiderit
642 1384 733 1445 labor.

633 1544 789 1564 *-

223 1645 301 1707 Sunt
314 1646 374 1703 viri
390 1643 485 1720 docti,
502 1645 614 1724 quibus
627 1642 774 1724 Epilogus
790 1642 883 1723 hujus
900 1643 972 1703 libri
987 1665 1022 1704 ex
1038 1661 1125 1726 perte
1138 1651 1239 1713 videa·

185 1747 237 1796 tur
254 1734 414 1795 mutilatus
430 1735 487 1814 (1);
504 1755 560 1794 uec
575 1733 701 1808 desunt,
720 1735 775 1814 qui
792 1731 840 1792 vel
856 1746 1008 1809 statuent,
1028 1750 1099 1817 post
1111 1759 1187 1801 vers.
1205 1764 1239 1822 7,

183 1826 291 1905 umpie
308 1825 467 1906 sequentis
483 1822 611 1883 delenda
626 1842 702 1895 esse3
719 1821 766 1881 vel
783 1836 863 1884 certe
875 1842 919 1883 vs.
939 1845 973 1882 ιι
990 1844 1073 1905 seqq.
1090 1833 1240 1910 usquead

186 1911 282 1974 finem
301 1914 500 1995 interpolatos
515 1932 577 1974 esse
592 1924 624 1972 et
640 1913 772 1993 spurios.
791 1912 870 1970 Nam
886 1925 998 1994 praeter
1013 1913 1182 1993 Rigaltium
1199 1920 1243 1999 (ι)

186 2015 217 2062 et
232 2004 459 2084 Heusingerum
475 2003 534 2082 (3),
550 2001 665 2081 quibus
680 2012 747 2082 post
763 2019 807 2059 vs.
829 2021 882 2075 ιι,
898 1999 1002 2082 aliqua
1019 2000 1119 2064 deesse
1134 2005 1242 2068 viden·

188 2103 254 2165 tur,
270 2093 363 2152 etiarn
380 2091 426 2153 cl.
441 2091 615 2153 Lindnerus
628 2087 670 2168 (4)
683 2088 814 2170 pmbere
830 2103 961 2148 conatus
973 2103 1032 2165 est,
1047 2106 1114 2171 post
1129 2114 1172 2153 vs.
1192 2117 1243 2172 ιι,

188 2199 287 2241 ιιιιιιιιι
298 2179 441 2242 excidisse
456 2199 594 2253 versum,
611 2199 703 2258 quem
719 2177 862 2259 supplere
872 2191 979 2238 tentat.
994 2181 1032 2238 At
1043 2179 1162 2242 lacunae
1179 2205 1243 2245 sus-

187 2269 270 2348 picio
285 2282 330 2327 est
346 2281 418 2349 post
432 2289 507 2330 vers.
529 2290 577 2344 ιι,
596 2287 660 2327 ιιοιι
677 2265 911 2340 duodecimum,
928 2268 983 2346 qui
999 2269 1101 2347 quoad
1118 2291 1241 2334 sensum

188 2355 270 2416 ursle
295 2355 444 2417 cohaerere
467 2357 588 2417 videtur
613 2377 686 2416 cum
710 2355 970 2417 antecedentibus.
996 2356 1052 2418 Sed
1078 2360 1242 2423 audiamus

189 2443 397 2505 doctissimum
414 2445 607 2505 Lindnerum
625 2443 683 2504 hac
698 2443 737 2505 de
752 2465 786 2504 re
800 2444 1028 2526 disputantem:
1042 2446 1079 2505 lu
1096 2448 1242 2530 Epilogo,

189 2531 242 2591 lib.
265 2534 308 2607 ll,
327 2554 371 2593 12.
397 2534 545 2594 Phaedrus
567 2534 643 2594 dicit
657 2557 664 2592 2
682 2535 717 2594 Si
732 2544 868 2592 nostntm·
881 2531 1008 2592 studium
1025 2533 1067 2591 ud
1080 2556 1163 2595 aures
1177 2560 1241 2619 per-

190 2624 265 2680 venit
284 2623 367 2682 tuas?
391 2625 449 2682 Hic
470 2625 633 2705 quaeritur,
655 2621 693 2682 ed
717 2638 809 2702 quent
829 2623 979 2702 pertineat
1002 2623 1092 2682 tuas?
1111 2625 1241 2693 Heusin-

185 2730 277 2791 gerus
293 2709 437 2792 intelligit
448 2733 534 2787 eum,
548 2712 588 2773 ed
602 2731 697 2793 quem
711 2709 794 2771 huuc
806 2710 924 2773 librum
937 2712 1066 2792 scripsit.
1079 2714 1174 2788 Bene3
1188 2717 1241 2777 sed

188 2819 282 2880 porro
298 2800 468 2880 quaeritur:
486 2803 565 2876 isne,
586 2799 625 2861 ed
643 2819 736 2882 quem
752 2797 870 2859 librum
887 2797 973 2859 hunc
988 2801 1122 2881 scripsit,
1144 2801 1240 2864 homo

188 2884 282 2946 fuerit
295 2886 475 2967 singularis,
490 2910 530 2950 an
543 2885 728 2968 subjeetum,
743 2885 829 2966 quod
843 2907 958 2967 vagum
971 2887 1099 2948 dieunt?
1111 2889 1142 2948 Si
1155 2893 1239 2972 prius

188 2986 246 3046 est,
264 2973 393 3056 intelligi
407 2995 472 3037 non
486 2989 598 3056 potest,
614 2976 669 3054 qul
681 2988 788 3034 auctor
799 2972 942 3034 dubitare
953 2976 1103 3055 potuerit,
1120 2997 1161 3038 sn
1176 2999 1240 3060 pes.

189 3075 356 3124 venturum
372 3066 411 3123 sit
426 3063 465 3123 ad
481 3084 570 3126 aures
587 3063 712 3145 patroni
730 3062 777 3121 sui
793 3061 929 3121 studium
945 3082 1036 3121 suum
1052 3063 1112 3142 (5)?
1125 3066 1239 3148 Ecquis

225 3262 265 3334 (ι)
277 3263 314 3312 lta
327 3262 459 3315 Senadon.
471 3265 619 3331 contendit,
630 3263 695 3316 mul·
734 3260 772 3311 las
784 3278 845 3311 suas
860 3260 893 3311 ad
906 3280 981 3312 aures
993 3264 1097 3331 petroni
1110 3281 1166 3315 esse
1178 3285 1237 3336 per.

189 3356 230 3394 tss
247 3345 275 3395 in
296 3341 348 3395 boc
368 3342 480 3414 Epilogo
497 3364 553 3398 esse
570 3344 693 3411 lacunas,
732 3351 870 3403 ventures,
882 3340 1007 3409 quonism
1019 3339 1118 3391 Phaedri
1130 3360 1239 3405 consus.

190 3435 255 3476 teste
267 3425 402 3477 Brotierio.
732 3417 798 3470 tudo
812 3414 939 3488 loquendi
953 3417 1031 3471 telem
1047 3420 1097 3470 fert
1112 3419 1237 3494 loquendi

225 3504 264 3573 (ι)
275 3503 334 3556 Vid.
348 3504 387 3573 Ε)
402 3504 486 3557 Notas
499 3503 534 3557 sd
546 3521 583 3555 vs.
599 3521 638 3556 ta.
732 3497 881 3552 formulam.
890 3502 928 3551 lta
938 3501 964 3550 in
974 3499 1140 3555 dedicatione
1147 3506 1181 3558 ad
1187 3509 1237 3562 ltu-

225 3582 265 3653 (3)
275 3583 351 3635 Cous.
364 3583 427 3634 Not.
441 3580 474 3633 ad
486 3581 552 3652 Epil.
567 3583 603 3647 ll,
615 3580 639 3635 5.
734 3580 854 3651 tychuur,
866 3580 933 3633 Ptol.
947 3583 1052 3647 111,31,
1062 3583 1141 3637 dixit:
1154 3589 1235 3659 Qum

225 3663 267 3734 (d)
279 3667 425 3717 Teutamen
439 3661 531 3717 Philul.
547 3664 604 3714 crit
621 3663 649 3712 P.
667 3663 693 3726 I,
733 3663 755 3714 si
765 3660 844 3734 depes,
856 3660 975 3727 laetabor,
987 3665 1027 3716 sin
1038 3675 1125 3718 sutem
1137 3673 1236 3741 minus,

191 3742 280 3812 pag-d
295 3762 332 3814 sq.
733 3741 871 3794 Habebunt
892 3754 973 3809 certe,
994 3762 1044 3814 quo
1064 3764 1090 3797 se
1110 3748 1239 3806 oblectent

230 3822 271 3892 (5)
285 3824 345 3873 Mes
362 3822 467 3893 quidem
480 3823 609 3875 sententia
622 3820 693 3871 Ano-
731 3823 835 3892 posteri.
864 3823 1091 3877 persuasissimum
1122 3825 1240 3885 habehat

191 3923 286 3977 nymus
300 3902 482 3974 intelligendus
496 3917 547 3967 est,
564 3901 598 3954 ad
616 3921 694 3974 quem
733 3899 869 3961 Phaedrus.
880 3901 1041 3974 Eutychum,
1053 3908 1100 3956 etsi
1110 3909 1179 3959 curis
1190 3930 1239 3982 pn.

192 3982 288 4036 librum
309 3981 457 4033 fabularum
477 3983 587 4052 scripsit.
608 3980 658 4034 Sed
679 4000 694 4031 c
733 3979 808 4032 blicis
822 3994 847 4032 et
859 3983 966 4051 privatis
977 3981 1143 4047 districtum,
1155 3986 1237 4042 lectu.

191 4065 277 4119 verbis
290 4077 373 4135 poetic
386 4084 392 4112 ι
407 4064 436 4116 Si
454 4076 566 4117 nostmm
581 4062 694 4114 studium
734 4081 792 4112 rum
805 4076 891 4113 tamen
903 4082 959 4113 esse
969 4062 1073 4116 fabulas
1084 4069 1237 4128 suas;nihi·

193 4146 229 4197 sd
249 4162 322 4197 aures
342 4144 460 4212 pervertit
480 4154 548 4204 tuus,
571 4160 624 4195 non
645 4160 695 4211 po-
735 4139 761 4192 lo
785 4161 845 4193 vero
867 4143 951 4194 secius
969 4142 1050 4196 dicit:
1065 4165 1141 4216 prtem
1160 4151 1181 4201 si
1200 4151 1238 4203 Ie.

194 4238 245 4277 test
257 4221 359 4294 colligi,
369 4223 449 4273 istum
458 4219 606 4284 dubitasse,
618 4217 695 4270 fabu-
733 4237 790 4289 pes,
811 4219 939 4273 letabor:
961 4221 1006 4272 sed
1027 4222 1115 4273 addit:
1138 4229 1158 4278 si
1178 4248 1238 4284 vm,
