2820 5018
202 436 990 540 inmunia-scium.nisruririo.
1056 458 1119 543 ²77

67 599 248 678 prietatem,
267 598 404 682 profecto
424 619 486 658 non
506 596 660 657 dubitabit
679 596 744 671 ille,
763 597 841 676 quin
860 596 964 658 fabula
981 599 1051 676 ista,
1067 619 1120 659 seu

64 686 174 766 potius
186 685 313 748 liistoria
326 709 397 747 vera
408 687 446 747 ad
460 700 598 746 veterum
610 687 795 767 scriptorum
811 685 933 746 laudem
949 688 1120 769 perveniat,

52 785 105 831 -ut
119 775 262 834 omittam
276 777 346 835 alia.
359 778 428 836 Jani
442 796 513 835 vero
525 775 593 855 quis
605 775 700 856 possit
711 795 838 854 negare,
850 795 945 856 genus
960 776 1123 850 orationis,

63 858 101 917 iii
120 858 241 921 Phaedn‘
258 861 370 922 fabulis
385 864 603 943 conspicuum,
620 862 777 921 ostendere
792 864 879 943 signa
895 875 1043 943 notasque
1058 883 1121 923 cas·

62 946 191 1008 tissimae
208 962 238 1009 et
248 949 476 1031 elegantissima
494 949 680 1023 Latinitatis,
697 951 802 1029 inqua
817 952 921 1009 nativa
937 949 989 1009 illa
1003 949 1119 1012 indoles

64 1034 112 1095 ita
124 1036 266 1120 effulget,
280 1052 314 1099 ut
324 1062 395 1099 cum
407 1040 564 1102 Terentio.
576 1037 702 1098 Catulle
714 1038 842 1120 aliisque
853 1040 942 1099 bonae
955 1051 1035 1100 notae
1048 1038 1119 1099 scri·

66 1126 212 1205 pton'bus
226 1131 397 1209 comparari
412 1128 567 1210 possum?
580 1128 655 1204 Quis
668 1128 760 1209 igitur
771 1128 864 1209 possit
877 1143 998 1211 putare,
1016 1129 1121 1188 Perot-

64 1222 147 1287 tum,
158 1214 237 1274 inter
246 1217 382 1297 primum
393 1232 581 1276 renascentes
591 1214 714 1288 litteras,
724 1228 788 1275 tani
799 1217 921 1290 Latine,
931 1230 996 1275 tam
1006 1230 1082 1276 terse
1091 1227 1122 1275 et

62 1296 224 1380 eleganter
235 1305 364 1365 scribere
377 1303 527 1386 potuisse?
538 1305 643 1383 ltaque
655 1301 795 1362 Bartbius
808 1302 965 1384 praeclare:
981 1328 995 1357 u
1007 1305 1121 1363 Utcun-

67 1405 143 1466 que,
154 1389 256 1471 inquit
264 1394 319 1469 (a),
334 1413 400 1452 sevo
412 1392 575 1452 Tiberiano
588 1388 752 1450 Phaedrum
764 1389 931 1471 abjudices,
946 1411 1120 1472 numquam

65 1488 172 1538 tamen
190 1480 295 1557 facies,
310 1497 344 1541 ut
361 1485 483 1542 Perotto
500 1503 565 1541 non
585 1494 646 1540 sint
662 1482 850 1563 antiquiores
866 1479 914 1542 hae
931 1481 1043 1541 fabulae
1057 1485 1120 1561 (tot

64 1563 300 1646 elegantissimis
313 1572 430 1630 Latine,
447 1571 559 1650 linguae
573 1584 602 1629 et
618 1570 758 1650 ingenuis
773 1568 901 1628 floribus
915 1569 1071 1650 inspersae,
1083 1582 1119 1629 ut

67 1655 217 1736 pudorem
233 1657 344 1719 habere
357 1659 480 1734 debeat,
498 1661 551 1740 qui
566 1679 630 1718 non
641 1658 779 1738 judicare
793 1659 902 1738 possit,
916 1658 991 1738 quid
1008 1657 1120 1718 distent

65 1763 133 1803 aera
148 1745 277 1828 lupinis)
293 1747 339 1806 vel
356 1747 472 1830 aliquot
485 1749 584 1829 longis
599 1749 724 1808 saeculis.
736 1774 749 1804 n
763 1748 819 1808 Sed
835 1747 942 1829 objicit
954 1747 1121 1824 Christius,

66 1833 234 1917 multisque
248 1836 392 1918 exemplis
404 1836 608 1917 comprobare
621 1839 736 1907 studet,
749 1837 847 1894 multa
861 1839 957 1894 inesse
970 1839 1001 1896 in
1017 1835 1065 1895 his
1078 1835 1122 1897 fa·

66 1923 165 1999 bulis,
179 1945 242 1985 non
254 1927 324 1986 satis
336 1925 442 2000 docta,
455 1938 508 1984 aut
522 1935 655 1998 morata,
668 1937 721 1983 aut
731 1925 855 1998 Latina,
868 1945 923 2004 per
931 1945 1121 2006 consequens

65 2014 101 2073 in
121 2016 284 2097 scriptore,
303 2011 356 2096 qui
376 2015 489 2073 Divum
509 2015 679 2092 Augustum
701 2011 826 2086 viderit,
844 2033 911 2072 non
930 2013 1065 2092 ferend-a.
1085 2017 1121 2075 lii

66 2102 181 2184 quibus
198 2105 222 2163 si
241 2105 372 2163 maxime
387 2103 528 2184 quaedam
546 2099 662 2160 habent
679 2101 808 2181 speciem
825 2100 978 2182 aliquam,
998 2122 1121 2183 preser-

66 2190 123 2249 tim
135 2189 220 2272 apud
232 2191 426 2251 mediocriter
438 2203 572 2250 versatos
587 2191 618 2249 iri
633 2186 681 2248 his
696 2189 801 2263 rebus,
816 2210 850 2248 ea
862 2202 966 2249 tamen
979 2210 1121 2250 momen·

64 2291 134 2339 tum
147 2301 214 2342 non
227 2281 403 2360 faciunt(3).
421 2282 492 2341 Non
506 2302 602 2362 pauca
614 2281 698 2340 enini
713 2279 866 2340 immerito
880 2300 897 2338 a
911 2277 1044 2340 Christio
1057 2281 1120 2340 cul·

64 2383 140 2452 pata
159 2391 222 2431 esse
237 2384 371 2447 constat,
389 2390 458 2452 quae
474 2371 536 2451 jam
552 2370 628 2430 olim
643 2369 809 2428 vindicavit
825 2371 992 2447 Funccius,
1011 2372 1043 2429 in
1059 2390 1118 2431 ser·

64 2478 160 2519 mone
173 2461 283 2520 Latino
295 2481 361 2520 non
373 2459 565 2519 mediocriter
577 2476 726 2532 versatus3
740 2477 809 2537 quae
825 2457 886 2519 hoc
902 2459 969 2532 loco
984 2472 1118 2541 repetere

62 2547 107 2607 ab
119 2548 259 2609 instituto
271 2563 378 2609 nostro
389 2560 432 2607 est
444 2545 637 2626 alienarum).
649 2547 797 2621 Quaedam
810 2548 917 2623 etiam,
930 2547 1043 2631 injusta
1052 2548 1119 2630 qui·

62 2634 136 2697 deni
152 2636 191 2696 de
207 2659 326 2711 caussa,
341 2640 512 2719 vituperata
529 2652 600 2697 sunt
617 2635 909 2718 aMarcliesello(5),
926 2660 1019 2720 quem
1038 2640 1117 2700 inter

64 2723 128 2783 alia
140 2725 222 2784 male
234 2724 356 2799 habuit,
368 2725 452 2807 qiiod
469 2724 615 2785 Phaedrus
626 2723 782 2784 Tiberium
795 2727 921 2799 Ducem,
934 2726 1019 2807 quod
1031 2746 1116 2786 eum·

64 2812 139 2874 dem
152 2816 310 2875 Dominum
324 2815 473 2898 appellet,
491 2815 575 2896 quod
590 2813 691 2875 sellum
706 2817 832 2895 primam
848 2815 957 2875 dixerit
973 2837 1030 2897 pro
1048 2815 1117 2875 sede

65 2900 183 2980 aurigae
200 2902 429 2981 (Kutscliboclr),
449 2923 543 2984 quam
562 2916 676 2962 veteres
696 2902 850 2983 ignorasse
868 2914 982 2974 censet,
1002 2914 1032 2961 et
1048 2921 1117 2982 quae

63 3000 143 3046 aunt
154 2985 244 3071 bajus
253 2993 371 3070 generis
381 2991 455 3065 alia,
466 2989 505 3049 ad
517 3009 585 3071 quae
597 3008 654 3049 suo
667 2991 736 3048 loco
747 2987 989 3070 respondebitur.
1000 2988 1117 3048 Deinde

63 3081 174 3159 negari
192 3081 370 3162 neutiquam
384 3093 497 3163 potest,
509 3078 652 3161 quaedam
664 3079 796 3137 inveniri
808 3078 840 3135 in
854 3075 975 3136 Plraedri
987 3075 1115 3149 fabulis,

61 3188 136 3250 qiiae
154 3190 173 3229 a
193 3171 292 3230 nitore
312 3185 342 3230 et
362 3169 496 3230 naturali
517 3167 748 3251 pulchritudine
768 3165 870 3225 saeculi
889 3166 1017 3246 Augusti
1036 3186 1116 3224 rece·

63 3256 158 3329 dant3
174 3259 315 3340 qiioedam
328 3281 396 3341 quae
414 3281 476 3319 non
494 3261 555 3318 sint
571 3258 650 3318 bene
669 3257 792 3330 Latina,
812 3276 912 3336 neque
928 3256 1116 3327 conveniant

62 3368 138 3408 eum
155 3347 271 3431 reliq'ua
287 3348 408 3410 Phaedri
428 3350 567 3409 oratioue
586 3360 665 3408 tersa
684 3359 776 3426 atque
794 3345 914 3417 limata3
934 3357 966 3404 at
983 3342 1057 3402 talia
1074 3344 1113 3404 ir·

62 3450 227 3518 repserunt
246 3436 335 3519 culpa
354 3440 423 3511 aevi,
443 3458 505 3519 quo
523 3436 642 3518 scripsit
663 3431 824 3507 Phaedrus,
845 3431 931 3514 quod
951 3431 1054 3492 statim
1075 3433 1114 3492 ab

61 3526 195 3606 Augusti
211 3547 329 3586 excessu
345 3528 458 3586 mimm
475 3527 507 3585 in
522 3525 652 3587 modum
669 3522 791 3597 defecit,
804 3535 834 3582 et
847 3542 864 3580 a
877 3541 955 3604 puro
970 3521 1028 3580 isto
1040 3522 1114 3582 sim·

61 3610 199 3696 pliciqne
217 3613 364 3695 loquendi
383 3636 441 3675 usu
462 3612 655 3695 degeneravit
663 3612 714 3692 (fii.
735 3611 812 3689 Quis
831 3607 965 3692 denique
983 3622 1041 3682 est,
1059 3613 1113 3691 qui

99 3835 142 3907 (i)
153 3838 185 3887 V.
200 3839 277 3891 Fabri
290 3840 439 3894 Thesaurus
454 3860 478 3892 v.
496 3843 572 3895 Plioe·
648 3841 687 3914 (5)
696 3841 879 3913 Disputatione
892 3836 1067 3909 supracitata.

58 3918 135 3971 alnu-
648 3923 686 3994 (6)
697 3925 836 3976 Burmanni
846 3921 917 3974 Praef.
930 3919 963 3970 ad
974 3917 1041 3970 Edit.
1053 3917 1114 3968 anni

97 3994 260 4066 (2)Advera.
277 3999 305 4050 L.
319 4001 426 4064 XXXV,
439 4019 461 4052 c.
478 4019 518 4053 ai.
613 4005 688 4074 1698.
710 4006 786 4059 llisce
810 4003 891 4067 adde,
915 4018 971 4072 qiiae
994 3997 1115 4050 observat

98 4076 140 4148 (3)
151 4079 170 4127 F
172 4078 262 4130 abrieii
275 4082 301 4131 B.
312 4081 341 4132 L.
352 4083 382 4134 T.
393 4084 430 4148 ll,
440 4102 466 4154 p.
479 4083 521 4135 26.
609 4083 729 4136 Barthius
742 4082 774 4134 ad
782 4081 916 4134 Claudian.
928 4078 961 4129 de
968 4078 1048 4145 Nupt.
1061 4075 1116 4124 llo·

96 4155 138 4227 (4)
168 4157 281 4227 legant,
309 4177 420 4230 quorum
450 4162 569 4228 interest,
610 4180 667 4213 nor.
688 4173 714 4212 et
728 4162 793 4212 Mar.
807 4178 844 4211 vs.
863 4157 926 4224 idi,
944 4154 990 4207 ubi
1003 4152 1036 4206 de
1054 4150 1116 4201 loco

55 4240 171 4292 Funceii
180 4238 336 4311 Apologiam
348 4261 396 4314 pro
408 4240 525 4295 Phaidro.
611 4241 748 4296 Pbmdrib.
757 4242 803 4305 lV,
812 4240 840 4291 F.
852 4239 903 4302 lii,
919 4254 964 4301 ia,
977 4234 1120 4285 lioeoenleni
