2820 5018
66 487 1107 517 ᾞΜΜΜΜΜΜΜΜΜΜΜΜΜΜΜἎ

366 707 811 835 EXCURSUS

247 1023 335 1120 ΑΙ)
374 1023 640 1120 LIBRUM
679 1026 700 1117 Ι
740 1022 827 1122 ΕΤ
868 1026 932 1118 ΙΙ.

499 1304 688 1331 ⁸⁴0*-

403 1510 736 1599 EXCURSUS
764 1511 785 1599 l

357 1715 409 1766 AD
434 1714 655 1768 PROLOGUM
680 1713 784 1765 LlBlll
808 1713 827 1766 1.

69 1855 130 1951 Α»
147 1910 190 1948 vs.
217 1909 240 1948 r.
259 1888 401 1970 AEsopm,
423 1888 566 1970 Cotyaeo,
584 1885 728 1970 Phrygiae
746 1887 878 1971 oppido,
896 1900 994 1965 ortus,
1013 1911 1117 1953 servus

67 1977 136 2040 fuit.
154 1976 339 2038 Libertatem
354 2000 372 2037 a
389 1978 537 2037 ladmone
552 1979 593 2056 (r)
615 1975 814 2061 philosopho,
828 1978 939 2038 ultimo
956 1978 1117 2057 heromo,

68 2083 192 2143 nactus,
204 2069 307 2127 multis
319 2068 479 2127 itineribus
492 2066 593 2141 fectis,
605 2066 731 2127 tandem
743 2089 761 2126 a
773 2087 844 2146 rege
853 2068 958 2127 Croeso
968 2069 1073 2129 Sardes
1084 2070 1119 2130 in

68 2158 184 2237 regiam
199 2158 326 2233 nocitus,
339 2156 473 2240 Delphos
485 2158 594 2216 missus
606 2170 666 2231 est,
679 2157 733 2216 ubi
745 2155 890 2237 sacrilegii
906 2156 1120 2218 fraudulenter

68 2259 240 2318 accusatus,
255 2245 293 2305 de
307 2267 382 2327 rupe
398 2244 579 2307 Phaedriade
589 2247 631 2324 (2)
647 2245 867 2327 praecipitatus,
880 2245 1008 2327 indigna
1020 2259 1120 2305 morte

68 2332 158 2413 periit
172 2332 227 2410 (3),
244 2353 302 2390 nix
317 2334 436 2393 circiter
452 2346 524 2392 ante
540 2334 573 2392 C.
590 2334 626 2391 N.
641 2334 741 2392 annis.
763 2332 906 2391 Mortuus
923 2346 968 2391 est
985 2354 1070 2393 auno
1089 2334 1119 2406 l,

68 2417 117 2477 01.
135 2419 212 2494 ulv,
227 2420 492 2501 quemadmodum
508 2420 657 2480 Eusebius
672 2422 704 2478 in
717 2418 821 2480 Clrron.
838 2434 868 2479 et
884 2419 990 2480 Suidas
1006 2434 1120 2480 testau-

67 2520 133 2582 tur‚
146 2507 183 2568 tle
194 2524 283 2569 aeorte
296 2524 401 2570 tamen
417 2524 446 2571 et
461 2525 560 2571 morte
576 2511 640 2593 ejus
652 2531 718 2570 non
731 2532 795 2570 una
808 2524 851 2571 est
862 2511 1002 2571 virorum
1016 2510 1120 2571 docto·
1175 2554 1178 2559 -

68 2616 139 2656 rum
148 2602 298 2659 sententia
308 2597 357 2678 (le).
369 2600 502 2661 Celebris
512 2601 594 2684 apud
607 2615 718 2660 veteres
728 2599 953 2682 Apologorum‚
965 2602 1025 2659 sive
1035 2599 1121 2659 fobu·

67 2683 169 2746 lerum
184 2689 325 2770 scriptor,
343 2711 409 2750 non
428 2704 532 2750 tomen
553 2689 669 2772 primus
684 2687 775 2769 hujus
791 2703 972 2772 poematum
986 2689 1121 2769 generis,

68 2776 153 2854 quod
171 2797 284 2837 nomen
300 2781 393 2838 traxit
411 2781 450 2840 ob
466 2802 518 2855 eo,
534 2782 680 2841 inventor
697 2776 897 2862 appellandus
913 2778 964 2857 (5).
980 2779 1121 2858 Namque

107 2966 147 3037 (r)
158 2967 331 3022 APlutercho
343 2971 376 3024 de
387 2991 444 3026 sera
453 2973 576 3025 Numinis
615 2974 677 3023 item
695 2971 851 3041 interpretes
870 2968 904 3022 ed
925 2966 1021 3021 AEliani
1034 2969 1066 3020 V.
1086 2970 1120 3020 Η.

68 3044 192 3097 Vindicta
204 3065 227 3098 c.
242 3048 305 3113 ΧΠ,
317 3068 343 3120 p.
356 3049 420 3116 ηιξάς
431 3053 462 3102 Τ.
473 3052 512 3117 X,
527 3051 574 3104 su.
616 3049 661 3101 lib.
676 3050 727 3115 xl,
742 3067 800 3120 cap.
813 3048 843 3111 ⁵,
855 3067 922 3120 qnos
935 3045 1053 3100 Reiekius
1064 3045 1122 3101 leu-

69 3127 178 3178 Hutten.
195 3137 221 3178 et
232 3124 372 3179 Ptolemeo
386 3128 516 3200 llephaest.
529 3126 575 3181 lib.
617 3128 698 3180 davit.

71 3206 103 3272 V,
114 3225 141 3276 p.
152 3207 308 3276 329‚quem
319 3204 407 3260 laudet
416 3207 448 3260 cl.
460 3210 576 3279 Wytten·
654 3205 694 3277 (4)
705 3203 806 3259 Harles.
820 3206 853 3259 ed
863 3205 965 3257 Fuluio.
979 3205 1007 3256 B.
1017 3206 1049 3259 G.
1061 3205 1122 3260 Vol.
1230 3258 1237 3271 ,

71 3285 135 3337 bach
152 3283 203 3337 loc.
219 3303 280 3336 mox
294 3285 414 3349 citando,
428 3285 577 3359 appelletur
618 3288 643 3349 1,
656 3306 684 3357 p.
699 3286 752 3339 618
765 3304 819 3359 seq.
835 3283 896 3338 coll.
908 3285 1015 3336 Excun.
1027 3286 1075 3352 111,
1087 3283 1123 3338 ad

70 3362 259 3431 ΣίμιοςἯμω.
273 3365 400 3419 llerodot.
411 3366 456 3418 lib.
467 3369 503 3433 ll,
517 3366 575 3433 134,
618 3363 663 3415 lib.
679 3367 705 3430 l,
716 3364 770 3416 fab.
782 3368 819 3430 ll,
829 3363 854 3417 5.

68 3442 181 3511 Ἰέδμονι
192 3458 277 3498 vocat.
298 3446 357 3498 vid.
376 3444 409 3498 cl.
428 3447 527 3499 IIutten
542 3444 575 3498 acl
652 3442 691 3513 (5)
708 3443 810 3496 Theon.
831 3445 857 3494 in
874 3444 1013 3514 Progymn.
1035 3459 1058 3492 c.
1073 3444 1122 3510 lli,

71 3521 160 3576 locum
172 3522 312 3576 Plutarchi.
616 3542 643 3594 p.
665 3520 859 3592 291Aioeiruru
878 3519 905 3572 ll
918 3518 1070 3590 ὅνομᾶξοπιι
1092 3519 1123 3577 ἐς

105 3602 144 3671 (2)
168 3601 299 3654 Plutarch.
321 3603 339 3655 l.
362 3623 384 3655 c.
404 3606 576 3677 llysmpeiam
616 3603 719 3665 ierint,
733 3604 779 3670 οὐχ
790 3602 826 3656 ὅτι
840 3602 945 3658 Αἴσυπος
959 3600 1124 3672 ηὸτοςιὺμ-

73 3680 189 3751 appellat
199 3686 274 3735 istem
288 3702 397 3755 rupem:
413 3684 512 3738 deame
525 3684 577 3738 ι’πδ
616 3682 657 3738 rie
668 3684 714 3735 coir
723 3680 802 3748 μόθον
813 3678 919 3750 ι’γὶησο,
933 3681 986 3733 rin'
1001 3679 1037 3733 ὅτι
1050 3678 1124 3731 Ate·-

70 3758 111 3813 n'ir
127 3758 213 3828 nepae
232 3761 328 3824 tantun,
347 3760 372 3815 ἓν
385 3761 518 3827 ‘repetas
532 3782 577 3813 xo·
616 3784 660 3821 ute
678 3764 758 3819 ιὺτοῖς
772 3763 862 3830 pino
878 3760 1011 3830 emuipnc
1028 3758 1068 3810 eei
1084 3761 1126 3810 h·

73 3835 160 3889 λοῦσιν.
171 3839 211 3889 De
222 3858 274 3910 qna
287 3839 422 3907 consules,
435 3861 501 3914 quos
512 3843 577 3893 cite-
617 3844 672 3910 ξιὸς
685 3843 809 3912 imitere.
823 3842 978 3914 Quintilian.
992 3844 1015 3907 l,
1029 3842 1061 3893 O.
1076 3839 1122 3892 lib.

74 3913 156 3967 vitel.
174 3916 342 3984 Wyttenbaclr
356 3922 383 3972 iu
397 3920 574 3974 Animadvers.
617 3925 650 3990 V,
669 3942 691 3975 c.
711 3925 769 3975 xl:
795 3920 926 3987 «fabule,
946 3940 1002 3993 quae
1024 3919 1126 3972 etiamsi

75 3992 109 4046 ed
123 3991 189 4044 Plut.
201 3992 234 4044 de
244 3997 268 4047 S.
280 3999 312 4049 N.
325 4001 356 4050 V.
370 4019 397 4071 p.
412 3999 456 4065 64.
619 4003 746 4071 originem
763 4020 819 4053 non
839 4000 872 4052 ab
894 4001 992 4070 AEsopo
1014 4014 1126 4066 aecepe-

109 4071 150 4143 (3)
161 4072 286 4125 Herodot.
296 4074 341 4128 lib.
353 4080 388 4142 ΙΙ,
402 4078 465 4145 134,
475 4098 501 4150 p.
517 4076 575 4144 168‚
617 4092 679 4131 runt
697 4079 777 4149 (nam
795 4078 897 4130 videtur
915 4094 1005 4128 earum
1022 4074 1125 4143 primus

75 4148 232 4221 wesseling.
245 4152 315 4205 Suid.
327 4173 352 4206 v.
366 4153 470 4211 ticum
482 4168 508 4208 et
519 4164 576 4207 w·
617 4169 710 4209 auctor
725 4155 886 4224 llesioclus),
907 4155 1013 4207 nomine
1033 4162 1122 4203 tamen

70 4229 150 4301 5112'55
163 4231 293 4286 Plutarch.
307 4233 340 4289 de
354 4254 412 4292 tere
426 4239 459 4290 N.
472 4237 503 4287 V.
518 4235 535 4288 l.
552 4254 575 4288 c.
617 4237 707 4308 AEsopi
718 4234 883 4288 celebrantur
893 4256 904 4278 ι
