2820 5018
167 493 1207 522 mmmmm

460 706 915 828 PRAEFATIO

367 992 412 1086 J.
449 991 512 1087 o.
548 991 597 1087 s.
634 991 1006 1090 sonwleu.

175 1420 300 1552 Quor(
309 1473 386 1522 ante
395 1453 457 1522 hos
466 1458 1067 1548 vigintietquatuorannosEditionem
1074 1459 1213 1542 Plraedri,

176 1586 249 1628 cum
266 1563 396 1629 selectis
410 1567 583 1630 Variorum
597 1568 698 1645 notis,
718 1565 837 1655 quibus
852 1590 941 1632 meas
954 1567 1138 1659 adjeceram
1151 1569 1216 1634 Ob-

177 1670 390 1747 servationes,
406 1670 440 1732 in
452 1669 560 1734 lucem
572 1672 767 1748 emisissem,
784 1694 845 1758 ego
858 1672 993 1760 quidem
1002 1668 1229 1738 vehementer

175 1774 373 1861 gaudebam,
384 1776 662 1857 animadvertens,
678 1777 819 1864 opellam
832 1802 938 1842 meatu
954 1781 1216 1871 qualemcunque

176 1881 260 1944 l'iris
271 1877 377 1943 doctis
392 1902 459 1944 non
473 1877 696 1966 displicuisse,
711 1881 778 1943 imo
793 1902 873 1944 vero
886 1904 905 1942 a
918 1881 1068 1967 plurimis
1083 1907 1217 1970 magnos

176 1981 252 2048 huic
262 1985 446 2071 impertitos
456 2003 526 2046 esse
535 1981 678 2069 plausus.
688 1983 803 2068 Neque
811 1984 908 2045 etiam
918 1979 1130 2070 subsequenti
1140 2002 1219 2046 tem·

176 2113 256 2180 pore
268 2089 447 2154 defuerunt
459 2088 629 2175 elegantiae
642 2104 675 2150 et
684 2085 842 2151 doctrinae
852 2087 949 2153 laude
962 2090 1130 2175 conspicui
1142 2090 1217 2167 viri,

176 2200 233 2286 qui
250 2217 359 2259 meam
378 2192 506 2260 Phaedri
527 2191 714 2257 Editionem
738 2193 879 2281 reliquas
903 2191 1042 2257 utilitate
1063 2215 1217 2281 superare

176 2304 409 2387 censerent(1).
423 2302 492 2388 Ego
503 2320 598 2379 vero,
612 2316 649 2362 ut
661 2300 802 2385 ingenue
815 2300 931 2377 fatear,
948 2316 981 2362 et
993 2321 1055 2363 usu
1065 2299 1215 2383 edoctus,

177 2425 209 2470 et
226 2406 371 2469 virorum
388 2403 560 2468 doctorum
578 2402 741 2489 suffragiis
757 2404 916 2483 monitus,
938 2425 1015 2467 mox
1034 2403 1217 2491 intelligere

179 2515 276 2602 coepi,
295 2534 363 2576 non
382 2533 485 2599 pauca
503 2513 537 2575 in
557 2508 659 2574 hocce
678 2508 837 2597 opusculo
853 2533 923 2574 esse
941 2510 996 2574 vel
1014 2533 1142 2587 manca,
1163 2512 1216 2576 vel

178 2643 243 2685 non
262 2620 338 2684 satis
355 2635 505 2682 accurate
520 2618 679 2704 exposita,
701 2640 768 2705 quo
785 2619 924 2681 manime
941 2617 1106 2681 referendi
1122 2617 1217 2683 Codi-

178 2747 251 2787 cum
262 2723 351 2787 MSS.
366 2745 504 2787 necnon
521 2721 703 2787 editionum
716 2738 749 2784 et
761 2722 957 2785 Versionum
972 2721 1114 2802 lndices3
1130 2746 1217 2811 quae·

178 2827 252 2891 dam
264 2849 353 2916 quae,
369 2828 428 2891 etsi
443 2827 549 2905 utilia,
566 2824 811 2913 interpretando
824 2841 931 2889 tamen
949 2825 1085 2890 Phaedro
1098 2850 1216 2914 parum

180 2932 333 2995 inservire
346 2931 550 3011 viderentur3
564 2928 722 2995 nonnulla
733 2931 845 3006 etiam,
859 2952 932 3018 quae
946 2949 1054 2995 essent
1065 2950 1120 2995 aut
1130 2932 1215 2995 male

181 3035 315 3125 digesta,
335 3055 391 3102 aut
409 3061 476 3102 non
493 3040 569 3102 satis
584 3036 693 3101 lucide
707 3037 878 3124 explicata,
900 3037 1055 3101 nonnulla
1070 3037 1216 3126 denique

182 3158 283 3206 textus
292 3142 374 3220 loca,
387 3166 502 3231 parum
511 3139 683 3206 emendate
692 3140 788 3205 edita.
797 3141 938 3204 Maxime
946 3157 1015 3204 erat
1021 3141 1215 3229 optandum,

186 3263 217 3309 ut
229 3250 320 3311 Notae
339 3249 458 3312 criticae
474 3271 492 3310 a
510 3246 643 3335 reliquis
662 3264 816 3332 separatae
833 3247 1099 3332 comparuissent.
1120 3249 1214 3310 Nunc

188 3350 311 3416 demum
319 3356 407 3417 enirn
417 3353 652 3441 intelligebam,
665 3353 719 3417 tali
728 3355 884 3415 Notarum
892 3355 1107 3439 permixtione
1118 3375 1215 3416 usum

190 3452 252 3521 libri
261 3456 426 3522 redditum
437 3482 507 3523 esse
517 3457 735 3522 difficiliorem
746 3473 779 3520 et
790 3457 1020 3520 molestiorem.
1035 3460 1106 3520 Hoc
1117 3459 1215 3544 igitur

196 3580 249 3627 erat
258 3565 289 3629 in
299 3567 397 3644 votis,
409 3583 446 3630 ut
455 3566 481 3629 si
492 3564 624 3654 quando
635 3587 718 3628 nova
729 3561 855 3626 l'lrtedri
867 3563 989 3641 Editio,
1002 3588 1054 3626 me
1065 3580 1214 3641 curante,

198 3664 223 3728 iu
232 3670 340 3759 vulgus
355 3671 522 3750 ederetur,
542 3695 579 3736 ea
596 3670 731 3760 quidem
747 3670 835 3734 hisce
848 3687 1032 3735 occurreret
1047 3670 1215 3749 omnibnS,

201 3775 254 3836 etsi
265 3776 333 3839 fieri
346 3793 471 3864 posset,
487 3777 581 3840 novis
592 3792 686 3839 aucta
697 3777 906 3838 incrementis
918 3773 1074 3863 prodiret.
1087 3773 1214 3855 Quibus

204 3879 266 3942 ruis
278 3904 319 3946 an
335 3905 420 3948 nova
432 3881 558 3959 Editio,
576 3905 674 3971 quam
691 3882 810 3968 linguae
826 3884 948 3945 Latinae
964 3897 996 3946 et
1011 3882 1215 3946 Litteraturae

231 4075 319 4149 (¹)Vid.
331 4087 515 4162 Bsclrenburyir'
525 4088 556 4142 V.
570 4088 608 4141 Cl.
619 4087 765 4140 Handbuclr
776 4086 822 4137 der
831 4085 982 4139 llassisclren
993 4085 1141 4145 litterator,
1152 4100 1219 4152 pag·

208 4152 255 4245 ’lli
265 4163 318 4217 edit.
331 4168 360 4218 ll.
372 4168 471 4221 Censor
481 4168 576 4220 doctus
586 4172 614 4219 in
625 4168 697 4243 Ath.
711 4169 771 4219 tiu.
782 4168 847 4220 Zeis.
862 4186 921 4219 artu.
938 4166 1017 4237 1785,
1030 4174 1092 4217 tom.
1105 4165 1141 4228 ll,
1153 4180 1222 4233 pag.

211 4238 253 4295 ¹⁹³·
262 4238 340 4320 lange
350 4248 377 4295 in
386 4247 458 4319 pref.
472 4245 506 4299 ad
517 4246 666 4312 Phaedrum,
677 4263 739 4321 pag.
753 4262 793 4298 xr.

264 4340 281 4377 l.
