2820 5018
517 445 895 513 nrsrurarron.
959 516 961 521 ,
1032 520 1035 527 ,
1165 457 1224 544 167

178 607 242 668 que
253 587 368 670 stylum
381 588 569 668 singularem
582 588 741 663 exbibent3
753 604 783 648 et
797 588 848 650 ille
862 606 919 664 est,
931 613 1023 672 quem
1035 597 1148 657 Auctor
1160 620 1227 661 nos-

180 688 241 749 ter,
250 674 305 734 lib.
314 677 350 750 V,
363 674 445 736 Prol.
462 698 489 735 v.
501 679 534 750 8,
542 680 688 758 proprium
701 676 823 738 colorem
837 694 936 738 vocat
951 682 1050 741 lmmo
1065 685 1227 765 singularis

179 764 238 823 ista
249 765 400 844 loquendi
414 764 598 847 proprietas,
609 787 679 846 quae
689 765 859 828 locutiones
871 768 1035 848 quasdam,
1048 772 1230 837 aliisAucto·

179 852 268 912 ribus
286 854 332 913 vel
349 855 478 912 minime
497 855 543 913 vel
562 875 632 913 raro
650 855 793 929 usitatas,
806 854 948 914 exhibeat
965 871 995 916 et
1013 861 1137 940 quidem
1153 884 1230 945 smpe

180 957 383 1018 recurrentes,
394 944 574 1024 scriptorem
584 943 748 1024 antiquum
758 942 850 1026 plane
860 944 990 1005 indicat:
1004 946 1124 1028 aliquot
1132 953 1229 1026 enim,

179 1032 446 1111 quemadmodum
458 1031 596 1107 Pbaedri,
608 1033 651 1094 sic
665 1045 696 1092 et
705 1033 842 1107 Horatii,
853 1035 1047 1115 Terentiique
1059 1035 1230 1099 locutiones

178 1115 334 1196 ejusmodi
347 1133 434 1194 sunt,
453 1119 605 1200 quasfere
617 1141 785 1200 nusquam,
800 1122 860 1183 nisi
875 1121 959 1203 apud
971 1123 1068 1204 ipsos,
1088 1129 1229 1206 reperias.

180 1209 219 1265 At
233 1208 337 1267 bonus
348 1210 478 1289 quisque
495 1211 626 1291 scriptor
639 1209 753 1269 latinus
765 1230 882 1285 recens,
901 1210 981 1272 nibil
996 1212 1095 1272 simile
1110 1215 1230 1275 obtule·

178 1295 238 1352 rit:
261 1294 396 1376 aliquem
415 1297 513 1369 enim,
530 1296 579 1357 vel
598 1295 701 1378 plures
720 1297 812 1358 simul
831 1319 867 1357 ex
883 1299 1017 1379 antiquis
1032 1301 1229 1377 Auctoribus,

177 1383 302 1441 tametsi
316 1404 382 1443 non
397 1381 500 1442 dedita
519 1404 627 1463 opera,
645 1405 677 1443 re
695 1397 799 1444 tamen
817 1406 888 1444 vera
907 1386 1043 1445 imitatus
1058 1387 1138 1447 inter
1156 1391 1230 1448 scri·

180 1468 321 1530 bendum
333 1470 441 1544 fuerit,
454 1485 483 1530 et
495 1473 544 1530 vix
557 1473 653 1532 ullam
666 1474 904 1554 coagmentandi
916 1495 1004 1536 voces
1016 1477 1232 1539 connectendi·

178 1579 240 1638 que
262 1563 414 1621 rationem
435 1559 624 1636 adhibuerit,
644 1583 739 1642 quam
758 1564 871 1646 scripto
887 1563 993 1645 aliquo
1007 1567 1151 1626 Veterum
1167 1588 1230 1627 non

179 1647 278 1707 modo
297 1651 547 1733 comprobatam,
567 1651 618 1711 sed
637 1651 731 1711 etiam
749 1673 786 1712 ex
803 1652 914 1725 eodem
931 1673 1102 1735 expressam
1115 1654 1231 1715 forma·

179 1750 307 1818 tamque
322 1736 549 1821 deprehendere
564 1761 629 1800 non
644 1744 751 1823 possis.

220 1824 310 1887 Nunc
334 1841 368 1886 ut
387 1830 589 1908 quaestionem
611 1828 691 1889 banc
713 1829 751 1889 de
774 1827 897 1889 Phaedri
917 1829 1031 1891 fabulis
1052 1830 1230 1905 absolvam,
1306 1867 1309 1872 ,

176 1931 292 1992 easque
307 1935 375 1974 non
389 1914 562 1976 subdititias
577 1936 654 1990 esse,
673 1916 785 1977 clarius
798 1930 962 1998 appareat,
981 1917 1083 1977 virum
1090 1916 1231 1996 aliquem

177 2002 309 2062 scientia
318 2004 490 2064 Latinitatis
500 2005 597 2087 probe
610 2005 796 2065 instructum
808 2005 1021 2086 interrogabo,
1032 2026 1139 2065 annon
1152 2025 1231 2087 puro

175 2091 329 2170 suavique
342 2092 421 2173 stylo
434 2093 615 2174 perscriptas
626 2090 796 2171 existimet?
808 2092 930 2152 Annuet
943 2093 1007 2151 sine
1019 2091 1133 2166 dubio,
1150 2106 1180 2151 et
1196 2092 1232 2152 li·

177 2180 283 2257 [eratis
293 2178 490 2256 bominibus,
502 2183 555 2260 qui
567 2178 811 2260 sicjudicarunt,
821 2181 993 2259 innumeris
1004 2179 1088 2255 ultro
1100 2201 1130 2254 se
1142 2179 1232 2242 adsti-

235 2281 357 2328 atorem
377 2266 533 2350 adjunget
557 2270 638 2329 Tum
661 2268 852 2349 sciscitabor,
873 2266 929 2327 bas
950 2267 1100 2346 sermonis
1118 2266 1230 2327 urbani

184 2353 373 2429 estivitates,
391 2353 561 2438 hancstyli
580 2355 728 2437 simplicis
739 2353 965 2436 jucunditatem
978 2354 1159 2436 ‚potueritne
1177 2353 1232 2413 ali·

180 2441 267 2522 quod
287 2444 448 2525 ingenium
467 2458 555 2505 aetate
568 2445 742 2505 Latinitatis
756 2444 821 2533 sive,
833 2443 957 2520 declivi,
977 2445 1041 2504 sive
1058 2443 1164 2516 senili,
1179 2462 1231 2502 scu

179 2528 336 2613 decrepita
354 2547 464 2612 natum
478 2531 666 2615 producere?
678 2531 960 2614 Negabitjoppido,
975 2533 1034 2592 nisi
1048 2532 1088 2590 sit
1104 2530 1232 2611 aliquis,

180 2616 305 2698 qualem
318 2617 411 2678 bodie
424 2623 473 2678 vix
489 2620 588 2679 ullum
607 2641 669 2679 esse
686 2635 778 2700 puto,
798 2633 927 2679 sectator
941 2618 1081 2695 Christii,
1102 2619 1155 2698 qui
1172 2620 1232 2678 llo·

180 2706 365 2789 mulium(1)
383 2708 550 2790 quemdam
567 2708 747 2769 fabularum
768 2709 949 2791 scriptorem
970 2730 1062 2790 supra
1083 2707 1128 2782 id,
1146 2708 1230 2788 quod

179 2791 363 2877 dicipotest,
376 2797 556 2871 barbarum,
567 2795 698 2857 Phaedro
711 2798 934 2878 anteponebat:
951 2811 982 2857 at
995 2796 1123 2857 fortasse
1138 2798 1232 2879 suspi-

181 2875 436 2946 cabiturcxis'tere
446 2901 515 2968 post
527 2899 646 2946 renatas
660 2886 693 2945 in
704 2885 793 2946 ltalia
802 2888 931 2947 Litteras
940 2887 1075 2967 aliquem
1086 2887 1230 2967 potuisse,
1316 2943 1318 2946 Α

179 2973 236 3053 qui
259 2973 318 3034 tale
337 2976 499 3058 quidpiam
518 2976 667 3048 efficeret,
691 2978 893 3057 monebitque
914 2975 1067 3058 quosdam
1088 2996 1106 3034 a
1124 2975 1230 3034 Marco

177 3064 317 3125 Antonio
336 3066 458 3126 Mbreto
477 3067 678 3127 concinnatos
698 3067 831 3127 inveniri
850 3065 1030 3138 versiculos,
1050 3082 1127 3143 quos
1145 3064 1229 3122 Jose·

176 3147 260 3233 pbus
274 3150 423 3232 Scaliger,
442 3154 615 3213 Latinitatis
630 3154 764 3233 antiquae
778 3151 873 3234 judex
887 3150 1034 3224 idoneus,
1053 3171 1150 3230 quum
1169 3171 1231 3209 esse

176 3235 271 3319 hujus
281 3239 379 3300 fetum
391 3244 531 3316 nesciret,
542 3243 643 3302 Poetae
653 3243 746 3303 veteri
755 3242 881 3301 Trabeae
892 3239 1098 3320 adscripserit:
1113 3239 1137 3297 is
1147 3239 1230 3298 enim

176 3324 216 3383 ad
231 3326 408 3389 Varronem
421 3328 456 3388 dc
466 3332 507 3391 ne
516 3333 648 3402 bratica,
662 3329 716 3389 lib.
728 3330 757 3404 l,
770 3351 795 3388 c.
810 3351 825 3388 2
838 3351 845 3387 ε
860 3326 1041 3403 Producam,
1056 3327 1171 3406 inquit,
1190 3323 1230 3385 lo·

212 3500 321 3571 (1)ᾶεὶ
328 3503 388 3558 n'est
393 3526 440 3576 pas
448 3506 596 3576 tout-d-fait
604 3519 684 3558 exact.
726 3507 918 3578 chanqements,
928 3521 1027 3555 comme
1034 3512 1138 3573 capent
1145 3501 1169 3551 le
1176 3503 1234 3559 coir

179 3583 224 3637 Les
232 3584 362 3655 sablesdc
372 3587 472 3639 Plrddre
481 3586 553 3639 n'ont
561 3587 689 3659 pointc‘td
726 3586 790 3636 dans
807 3583 841 3635 les
857 3582 960 3634 Fabulae
976 3583 1101 3662 anpiquae,
1119 3578 1183 3630 daus
1198 3574 1233 3630 [cs

179 3666 321 3716 inconnucs
334 3666 397 3717 dans
412 3666 446 3718 les
461 3663 546 3718 siecles
560 3685 611 3736 que
623 3684 686 3717 nous
725 3662 817 3716 Fables
830 3661 862 3713 de
874 3657 1023 3725 Romulius,
1040 3658 1105 3709 dans
1120 3658 1232 3727 Yiriccnt

179 3744 307 3819 appeions
318 3745 407 3799 siecles
417 3746 595 3816 dignorance3
606 3745 684 3807 mais,
725 3742 758 3796 de
773 3744 910 3807 beauvais,
922 3753 969 3793 etc.
976 3778 985 3804 ,
1000 3755 1121 3809 ouurcqes
1131 3736 1176 3810 qui
1185 3747 1233 3788 ont

179 3845 280 3878 comme
297 3826 361 3877 dans
377 3826 413 3877 les
430 3827 582 3877 manuscrits
600 3843 633 3875 cn
653 3842 687 3874 ne
725 3823 766 3874 ut
774 3822 904 3894 imprimes
913 3820 1040 3891 plusieurs
1045 3816 1114 3888 fois,
1129 3827 1160 3866 et
1168 3817 1232 3867 dont

181 3910 284 3960 uernis
293 3926 396 3958 aucune
406 3905 592 3978 punctuation,
602 3916 686 3975 etque
725 3920 760 3953 on
766 3911 860 3972 perstre
868 3900 947 3952 servir
953 3897 1088 3949 utilcrnent
1098 3911 1232 3965 pourcon

183 3985 476 4056 lesmotsn'e‘taicntpas
485 3983 684 4052 memesbpards,
726 3980 794 4055 siper
813 3978 933 4052 quelques
953 3976 1064 4029 endroits
1084 3973 1182 4025 cbrcurs
1199 3973 1231 4024 de

183 4085 215 4116 on
223 4064 262 4136 fit
275 4065 400 4136 plusieurs
411 4066 494 4135 copies
507 4063 550 4117 des
558 4062 645 4133 subies
656 4062 686 4113 dc
726 4058 842 4112 Pbcdre:
858 4058 916 4109 leur
925 4074 1000 4128 prosc
1012 4069 1129 4106 conserve
1140 4067 1230 4101 encore

187 4146 299 4210 Pbedre,
318 4165 376 4198 sans
391 4165 416 4197 se
431 4146 523 4196 douter
539 4144 621 4194 meme
637 4161 687 4213 que
727 4138 827 4208 disjecti
845 4135 960 4200 membra
979 4146 1070 4205 pocta.
1091 4128 1176 4198 (Note
1195 4125 1228 4178 de

187 4224 267 4276 c'enn
283 4226 325 4277 des
342 4243 407 4288 vers,
424 4238 449 4277 et
464 4243 498 4276 on
508 4220 546 4294 fit
561 4221 688 4291 plauieurt
727 4218 763 4270 M.
778 4213 876 4285 Adry.)
