2820 5018
184 441 248 520 nlo
351 434 414 500 DE
436 431 788 501 scuturoutnus
810 436 1070 506 PHAEDRUM

181 577 304 642 fabulas
315 576 496 656 Anonymus
507 574 697 655 expresserit,
709 573 840 635 indicavi
852 575 935 638 infra
946 579 988 638 ad
1000 580 1121 641 cdoem
1130 582 1225 644 nnius·

182 668 329 750 cujusque
341 662 463 723 fabulae.
1217 668 1220 677 '

222 754 428 816 Inveniuntur
443 750 600 830 Anonymi
612 747 726 809 fabulo
738 750 771 809 in
783 749 928 813 Editione
939 752 1083 814 Ulmensi
1093 776 1167 819 curn
1174 756 1225 817 llo·

182 844 259 906 muli
279 841 474 920 aliorumque
487 837 669 917 fabulis(1);
686 859 803 900 excusoe
820 856 892 901 sunt
910 840 944 900 in
962 844 1123 905 veteribus
1138 843 1223 905 Editt

182 935 238 998 sub
253 931 344 992 titulo
356 953 363 988 ι
381 932 494 1010 Eropus
507 925 691 988 nominatus
701 949 769 989 cum
781 935 1223 1014 commentooptimo.1)sventr.

186 1022 260 1102 ¹49⁰
271 1034 302 1081 et
317 1020 390 1079 1502
398 1018 453 1095 (s),
466 1029 584 1076 exstant
597 1036 723 1097 quoqne
735 1017 768 1075 in
779 1017 913 1079 Neveleti
921 1018 1060 1100 Mytlrol.
1073 1022 1222 1106 AEsopssl

181 1113 260 1171 Usus
280 1120 324 1167 est
345 1118 448 1164 autem
466 1103 624 1169 Neveletus
643 1103 754 1164 Codice
771 1105 911 1166 Palatino
929 1107 1185 1185 membranaooo,
1200 1124 1223 1170 et

182 1198 299 1281 aliquot
316 1194 419 1278 priscis
431 1190 524 1252 Editt.
537 1192 689 1272 imprimis
702 1192 852 1268 Ulmensi;
866 1191 1011 1255 adhibuit
1023 1197 1121 1258 etiarn
1133 1198 1223 1259 lectio·

143 1345 146 1349 .
182 1309 235 1349 nes
246 1282 412 1346 nonnullas
426 1280 503 1342 Cod.
521 1281 583 1341 MS.
598 1278 743 1341 Biblioth.
755 1282 924 1345 Victorino.
941 1285 1039 1345 Paris.
1054 1306 1092 1347 ex
1105 1308 1167 1369 qno
1179 1289 1223 1349 ui·

181 1374 292 1457 gallius
312 1373 451 1455 quinque
469 1367 609 1429 ediderat
625 1367 765 1443 fabulas,
788 1384 880 1452 atque
899 1372 1073 1435 inseruerat
1093 1375 1179 1437 Notis
1195 1378 1222 1438 in

181 1460 356 1523 Phaedrum.
373 1458 494 1535 Quibus
513 1455 655 1516 subsidiis
675 1456 840 1518 instructus
858 1459 1021 1521 Neveletus
1038 1463 1153 1545 priscas
1168 1463 1221 1525 edi·

182 1552 280 1612 tiones
296 1547 438 1632 plurimis
454 1545 528 1605 locis
546 1543 729 1605 emendavit.
748 1547 793 1606 De
814 1547 881 1608 sliis
900 1549 1032 1609 istarum
1052 1550 1219 1613 fabularum

181 1636 375 1700 Editionibus
392 1648 419 1695 et
437 1633 648 1706 Versionibus,
664 1640 744 1692 cum·
757 1633 898 1714 Anglica,
920 1634 1006 1695 edin
1029 1637 1122 1713 1503,
1140 1638 1218 1699 inoer·

182 1743 264 1813 prete
276 1723 418 1808 Wynlryn
427 1722 463 1782 de
474 1722 595 1797 Worde,
608 1735 676 1782 tum
686 1721 806 1797 italien,
818 1723 923 1806 paullo
935 1741 1103 1808 exponunt
1111 1727 1218 1789 uberim

181 1820 237 1881 viri
250 1815 449 1879 eruditissimi
463 1812 649 1895 Eselrenbun]
660 1810 715 1891 (4),
729 1826 760 1873 et
770 1815 803 1873 F.
816 1813 852 1874 de
862 1812 1076 1899 Blmrltenbmy
1085 1820 1137 1899 (5).
1149 1819 1216 1879 Pru·

181 1924 225 1967 ter
237 1905 360 1966 Codices
371 1901 549 1962 fabularum
563 1901 718 1982 Anonymi
729 1901 863 1975 MSStos,
875 1902 1071 1981 Palatinum,
1080 1918 1113 1967 et
1122 1906 1215 1967 biblio

182 1996 273 2058 thecae
285 1995 452 2056 Victorian.
471 1993 566 2052 Paris.
584 1990 728 2052 Codicem
743 1990 850 2073 paullo
864 2007 936 2053 ante
951 2008 1158 2071 memoratos,
1171 1995 1212 2057 bo

181 2087 229 2148 die
245 2097 426 2167 supersunt:
452 2081 526 2142 Cod.
550 2081 611 2140 MS.
636 2081 690 2162 qui
710 2080 846 2141 exstabat
869 2082 945 2143 olim
969 2084 1006 2144 in
1029 2085 1111 2148 Bibl
1130 2085 1211 2149 Paulli

88 2184 92 2194 '
181 2174 354 2251 Petaviffi),
376 2169 476 2231 Codex
496 2167 690 2230 bibliothecae
711 2171 801 2252 regite
823 2172 916 2234 Paris.
938 2175 998 2255 893
1020 2178 1077 2257 qui
1097 2176 1209 2238 murini

180 2258 317 2333 Romuli,
335 2280 386 2318 seu
402 2258 504 2340 potius
522 2258 677 2337 Anonymi
693 2255 830 2333 fabulas,
846 2260 902 2320 sub
918 2261 1031 2322 titulo:
1051 2263 1209 2325 Liberis*

179 2354 209 2432 pi
216 2351 273 2432 (7)·,
288 2348 351 2407 duo
366 2343 562 2406 Bibliothecae
577 2344 827 2427 Guelferbytanae
840 2348 982 2424 Codices,
994 2352 1077 2413 alter
1089 2350 1209 2415 xnnlu

182 2439 250 2499 XIV
264 2435 366 2496 saeculi
377 2435 426 2514 (8).
441 2432 539 2507 Alter,
552 2435 607 2515 qui
621 2434 816 2495 inscribitur:
832 2440 940 2518 Incipit
949 2435 1023 2500 liber
1032 2439 1208 2525 Apolopnm

180 2527 293 2607 AEsopi‚
313 2523 527 2604 complectitur
549 2523 630 2582 Lxll
652 2520 789 2597 fabulas,
811 2523 932 2586 duabus
953 2529 1040 2587 enirn
1060 2542 1147 2591 aucte
1163 2540 1207 2596 est,

180 2633 249 2696 quoe
267 2632 366 2693 neque
384 2612 417 2670 in
433 2610 515 2668 Edit.
533 2611 683 2686 Ulmensi,
703 2633 803 2695 neque
820 2615 903 2696 apud
919 2617 1116 2696 Neveletum,
1131 2636 1208 2699 neque

181 2703 212 2762 in
228 2700 291 2760 ullo
305 2700 364 2759 alio
376 2699 554 2759 fabularum
567 2701 712 2782 scriptore
725 2704 932 2784 reperiuntur,
948 2720 980 2766 et
990 2728 1070 2788 quus
1083 2708 1207 2790 jurispr

180 2789 252 2851 blici
262 2787 332 2849 fecit
344 2784 530 2868 Esedcnbnry
537 2834 546 2860 ,
559 2789 595 2847 V.
609 2791 641 2848 C.
652 2791 702 2868 (9).
714 2790 821 2851 Eidem
833 2794 900 2853 viro
913 2793 1004 2856 docto
1016 2791 1208 2857 debemusool·

181 2879 326 2939 lationem
346 2877 480 2937 duarum
502 2879 654 2959 Anonymi
677 2878 855 2942 fabularum
879 2883 936 2943 xu
957 2899 989 2944 et
1010 2889 1035 2945 L
1056 2886 1096 2947 sd
1115 2885 1205 2947 uben

180 3088 242 3121 mun
252 3069 313 3139 fuga
323 3068 423 3119 notavit
435 3067 467 3120 sd
477 3088 503 3138 p.
517 3067 550 3120 50
562 3067 577 3119 l.
590 3087 612 3120 c.
624 3069 683 3121 Gel·
759 3071 834 3141 (3)v.
845 3072 1204 3144 suprsdeFditt.Pb1drisns.

179 3145 259 3199 lertus
279 3146 311 3199 de
330 3148 405 3198 Poesi
424 3145 566 3218 Apologor.
587 3166 613 3218 p.
634 3148 682 3214 34,
727 3149 801 3202 1610.

180 3226 233 3277 berc
243 3224 276 3277 de
289 3225 526 3297 Anonymobsbet:
541 3250 551 3271 α
562 3245 619 3277 mea
627 3227 682 3297 qui·
757 3226 795 3297 (4)
809 3227 939 3282 Additam.
956 3230 991 3282 ad
1004 3232 1129 3304 lemingii
1137 3231 1204 3283 dnm·
1238 3260 1243 3273 ·

132 3313 135 3317 ’
180 3307 240 3360 dein
252 3309 378 3358 sententia
391 3309 490 3359 Avieno
505 3320 622 3378 prestat,
637 3306 682 3357 sed
723 3304 811 3357 Nerei.
825 3326 851 3377 p.
865 3307 907 3359 6ο.

179 3384 305 3458 peculiari
328 3384 429 3438 laborat
455 3385 563 3450 morbo,
586 3387 683 3457 repeti·
758 3387 973 3458 (5)Zus‹'1‘r=e,T.
987 3393 1053 3463 l,p.
1069 3388 1128 3460 546.

179 3466 250 3516 tione
261 3462 357 3514 scilicet
369 3464 484 3534 ejusdem
496 3465 568 3516 vocis
579 3477 605 3516 et
617 3462 683 3515 mule
758 3465 796 3536 (6)
806 3466 918 3519 Fabricii
929 3470 956 3519 B.
970 3469 999 3521 L
1012 3471 1044 3522 Τ.
1060 3472 1096 3535 ll,
1105 3490 1131 3543 p.
1143 3468 1178 3521 20.

179 3543 313 3611 ingeniosa
332 3544 506 3613 oppositione.
530 3543 556 3594 Si
577 3541 610 3593 ab
631 3541 682 3593 hoc
759 3543 796 3617 (7)
812 3544 910 3597 stbci
924 3545 1049 3602 Bibliotb.
1066 3550 1130 3602 Nor.
1147 3544 1203 3600 Ubi

180 3623 276 3693 ingenii
295 3620 352 3672 lusu
370 3622 515 3674 recedimus
531 3637 556 3675 et
575 3625 683 3695 quibus·
723 3642 749 3694 p.
757 3622 799 3674 66.

179 3704 240 3756 dam
256 3721 309 3753 non
327 3704 388 3754 satis
405 3702 483 3755 lmine
498 3702 586 3769 dietis,
602 3703 682 3756 multa
758 3704 795 3775 (8)
810 3706 849 3757 De
865 3706 959 3778 quibus
971 3710 1100 3762 conferat
1109 3707 1206 3777 Iniq-

179 3781 256 3837 lsude
272 3781 366 3851 dignus
382 3795 434 3846 est,
451 3783 539 3832 nescio
556 3801 618 3833 num
636 3803 681 3849 ea,
723 3803 745 3834 z.
765 3786 795 3834 G.
816 3804 842 3835 u.
860 3785 922 3837 litt.
938 3787 1025 3857 Beytr.
1045 3791 1070 3855 1,
1085 3807 1143 3861 pag.
1159 3787 1205 3855 2⁴9

122 3886 127 3895 ·
179 3884 230 3937 qua
244 3862 316 3914 illurn
329 3861 442 3933 Scaliger
456 3861 577 3914 extulit.»
722 3860 787 3914 coll.
812 3863 976 3938 Escbenbury
998 3868 1025 3917 in
1051 3866 1206 3921 Aditum

213 3941 252 4013 (ι)
274 3944 304 3993 V.
327 3960 406 4012 supra
424 3941 458 3992 de
481 3941 564 3994 Godd.
584 3944 682 3996 Phadri
724 3940 757 3992 ad
773 3943 898 4014 laemingii
911 3945 1043 4017 Anonpm.
1061 3936 1171 4000 limis
1185 3961 1206 4015 p

179 4023 250 4076 MSS.
263 4027 293 4072 n⁰
307 4021 336 4087 4,
352 4020 400 4071 sub
411 4020 454 4071 fin.
722 4019 756 4071 65
769 4039 824 4093 sqq.

213 4101 251 4172 (π)
277 4100 401 4171 Lessingii
418 4096 520 4151 Romul.
543 4113 569 4152 et
589 4101 679 4156 Rimic.
756 4100 794 4170 (9)
806 4102 833 4152 L.
846 4120 868 4153 e.
882 4122 908 4173 p.
920 4102 955 4154 66
965 4122 1004 4178 sq.
1016 4103 1210 4162 slterCodexit·

180 4201 205 4254 p,
220 4181 261 4236 68,
721 4181 854 4235 scribitur:
868 4185 966 4256 Incipit
975 4188 1084 4261 Emptis.
