2820 5018
185 473 204 510 Χ
565 464 595 526 J.
620 466 652 526 B.
678 465 843 528 GAlLll

184 593 248 664 sibi
259 600 808 702 totlucuhrationibusdiligenter
818 605 951 703 scriptis
962 631 1082 677 omnes
1093 606 1225 679 littera-

185 732 264 779 rum
280 737 433 787 amantes
451 738 626 817 tantopere
642 719 800 790 devinxit.
818 723 980 791 Nostrum
994 744 1042 793 est
1056 750 1150 794 nunc
1167 724 1226 794 di-

186 848 272 911 cere,
284 830 411 925 quihus
426 833 940 906 additamentiseditionemviri
950 838 1226 934 praestantissimi

184 964 309 1037 augere
320 947 585 1048 plenioremque
602 950 742 1021 reddere
753 951 861 1021 simus
873 953 1000 1040 conati,
1019 953 1072 1024 vel
1083 953 1225 1050 proprio

183 1077 293 1128 marte
316 1063 475 1156 quaedam
498 1065 624 1136 omissa
649 1064 837 1162 explentes,
863 1064 914 1135 vel
934 1067 1122 1137 mutuatia
1146 1065 1225 1136 viris

183 1171 259 1264 qui,
285 1196 377 1250 aetate
400 1180 569 1275 qualibet,
593 1180 737 1249 Phaedro
760 1208 858 1251 curas
883 1184 932 1274 (ι)
955 1181 1223 1277 impenderunt:

181 1281 272 1357 inter
286 1315 372 1385 quos
386 1295 571 1390 praesertim
589 1316 683 1391 grato
699 1296 863 1365 memoris
876 1295 984 1365 animi
998 1321 1099 1366 sensu
1116 1296 1225 1366 nomi·

180 1400 316 1472 nandns
343 1409 396 1476 Fr.
424 1411 456 1477 J.
484 1407 734 1497 Desbillonius,
768 1435 807 1479 ex
833 1407 959 1504 inclyta
985 1406 1043 1478 illa
1066 1409 1225 1480 societate

182 1511 285 1606 JESU,
305 1520 397 1591 unde
416 1542 463 1593 tot
480 1522 636 1620 prodiere
651 1522 768 1620 magni
788 1522 938 1592 nominis
957 1521 1080 1612 critici,
1095 1521 1225 1594 littera-

181 1645 269 1700 tores
291 1634 505 1729 peritissimi,
530 1654 701 1708 emunctae
720 1636 898 1706 latinitatis
914 1656 1084 1724 auctores,
1108 1635 1225 1706 homi-

179 1766 241 1812 nes
265 1744 414 1844 denique
436 1750 471 1819 in
491 1750 664 1848 theologia
689 1750 823 1848 magni,
848 1749 884 1818 in
904 1747 1123 1847 philosophia
1141 1775 1224 1846 pro-

180 1854 266 1947 bati,
282 1860 318 1929 in
334 1861 532 1961 eloquentia
547 1890 641 1934 sacra
656 1863 786 1933 summi
806 1862 1001 1957 antistites(
1025 1865 1049 1957 ).

227 1973 459 2046 Desbillonius
469 1998 588 2047 autem
599 1975 818 2072 disciplinam
830 1975 1064 2074 illam,quam
1071 1975 1149 2075 jure
1158 1997 1225 2048 me*

180 2086 316 2183 rituque
332 2115 463 2159 sacram
481 2090 646 2175 dicimus,
667 2091 862 2158 universam
880 2115 919 2158 ex
939 2089 1089 2186 antiquis
1107 2092 1225 2161 novis-

181 2228 249 2299 que
273 2203 427 2276 fontibus
450 2224 667 2302 perceperat,
695 2202 732 2271 in
762 2202 879 2273 latinis
907 2202 1025 2272 litteris
1049 2223 1151 2302 poeta
1173 2205 1223 2301 (3)

177 2316 408 2407 felicissimus,
436 2319 637 2412 urbanaque
662 2315 868 2413 expolitione
891 2317 1025 2406 cultus;
1049 2319 1100 2387 vir
1123 2321 1222 2392 omni

178 2429 280 2502 laude
301 2431 427 2529 major,
447 2451 485 2500 ut
503 2430 538 2498 in
561 2429 743 2500 scribendo
763 2429 964 2526 ingeniosus
986 2451 1019 2501 et
1039 2457 1152 2529 sagax,
1175 2432 1223 2503 ita

180 2544 216 2614 in
231 2545 366 2642 agendo
380 2545 542 2643 simplex,
558 2545 673 2616 nativa
686 2544 892 2644 spectandus
907 2572 1044 2617 morum
1060 2548 1223 2646 ingenui-

179 2680 263 2750 tate,
274 2661 462 2733 Fontanius
472 2662 571 2733 alter:
586 2688 693 2759 quem
699 2660 864 2760 juventus
875 2660 1043 2752 studiosa,
1054 2688 1160 2760 quern
1169 2664 1223 2734 uir

176 2774 338 2873 princeps
358 2777 475 2874 magni
495 2776 648 2847 nominis
662 2774 728 2870 (l),
752 2800 859 2872 quem
876 2794 997 2845 exterae
1013 2795 1129 2873 gentes
1141 2803 1222 2876 quae

181 2916 262 2962 eum
283 2916 300 2961 e
321 2913 435 2963 nostra
454 2891 567 2962 Gallia
582 2890 770 2989 profugum
787 2909 1008 2987 exceperunt,
1025 2915 1131 2986 quem
1144 2889 1220 2962 illu-

180 3004 257 3075 stris
266 3005 407 3078 societas
418 3026 450 3076 et
459 3005 572 3076 Gallia
583 3031 668 3102 quas
679 3003 830 3100 insignes
840 3003 967 3101 pariter
976 3029 1037 3074 suo
1048 3006 1223 3076 exornavit

180 3121 335 3208 nomine,
346 3147 452 3218 quem
464 3147 583 3191 omnes
594 3119 739 3189 demum
750 3117 876 3189 vellent
887 3116 1076 3189 redivivum
1088 3118 1149 3212 (5).
1161 3122 1233 3190 Βεν

216 3394 254 3463 (ι)
272 3396 305 3445 Ut
324 3396 385 3447 clar.
407 3400 545 3449 Brotierius
559 3411 661 3461 noster,
681 3397 713 3447 de
734 3415 786 3468 quo
802 3413 868 3466 srepe
881 3394 977 3446 mentio
990 3397 1016 3444 in
1032 3393 1127 3444 nostris
1139 3390 1224 3443 adno-

180 3476 330 3529 tationibus.
881 3526 885 3531 .

216 3552 254 3623 (a)
268 3556 351 3607 Testis
366 3557 434 3609 inter
450 3557 544 3608 multos
560 3559 747 3624 Bounurnoua,
765 3558 874 3626 inquo,
890 3553 929 3606 vel
946 3572 1013 3617 uno,
1032 3565 1114 3604 exstat
1128 3550 1224 3624 inclyta

121 3646 128 3656 ·
180 3646 205 3685 et
219 3630 316 3705 logices
328 3648 353 3686 et
366 3634 520 3708 eloquentia
533 3634 637 3703 schola,
651 3653 785 3708 nunquam
796 3632 998 3686 intermoritura.

212 3713 251 3785 (3)
263 3713 343 3787 Apres
352 3719 426 3768 avoir
432 3718 547 3789 professe
554 3736 614 3780 atter
624 3717 771 3769 distinction
782 3717 846 3768 daus
853 3712 980 3788 plusieurs
990 3709 1061 3763 villos
1071 3713 1101 3762 de
1110 3712 1221 3777 France,

177 3793 199 3846 il
208 3792 337 3847 demarrda
350 3805 375 3844 et
385 3796 467 3846 obtint
479 3793 504 3845 la
515 3796 666 3866 pomtissiou
678 3795 709 3845 de
721 3795 869 3846 renoncerh
883 3792 1107 3862 l'enseiquemeut,
1118 3809 1186 3860 pour
1197 3808 1223 3841 se

178 3873 255 3925 livrcr
265 3892 326 3925 avec
336 3875 438 3946 plaude
451 3879 516 3930 suite
529 3879 544 3927 ὰ
557 3895 602 3929 son
617 3875 699 3928 taient
709 3893 777 3945 pour
786 3873 812 3926 la
823 3873 915 3945 poesie.
932 3870 1033 3941 (Biogr.
1045 3867 1197 3938 Micheud.)

211 3953 249 4026 (4)
263 3952 402 4005 Πέὶεείεαν
415 3958 445 4007 de
463 3957 569 4008 Baviere
582 3956 621 4007 lui
635 3956 708 4005 avait
723 3954 804 4026 offert
816 3956 832 4003 ὰ
846 3952 982 4004 Mnnlret'm
995 3968 1046 4000 une
1060 3948 1161 3999 retraite
1174 3947 1222 3998 ho-

177 4032 288 4084 norable.
304 4032 405 4104 (Biogr.
418 4036 497 4086 Mieh.
512 4036 544 4086 ad
556 4054 613 4087 voe.
630 4033 802 4103 Desbillons.)

210 4112 248 4182 (5)
265 4114 414 4186 Oblipeant,
431 4127 539 4187 portant
555 4116 617 4168 dans
637 4115 663 4166 la
682 4116 775 4168 sedete
786 4127 849 4166 cette
863 4112 1012 4184 franchioe,
1030 4116 1137 4179 portaqe
1159 4106 1222 4159 d'tttt

177 4211 245 4244 coeur
255 4197 334 4261 droit,
350 4194 371 4247 tt
379 4197 426 4265 sut
439 4199 509 4249 chori
520 4197 552 4247 de
561 4209 617 4248 tour
629 4215 691 4248 cota
702 4198 747 4268 qui
760 4195 784 4246 le
796 4194 995 4247 connaisrcrient.
1007 4188 1109 4257 (Biogr.
1122 4187 1222 4256 hlich.)
