2820 5018
486 477 913 543 romermunt
1160 484 1224 572 πρ

176 625 341 695 admonuit,
355 634 390 681 ut
405 633 516 681 terreret
527 621 606 680 feras
640 641 670 679 se
682 640 752 679 vero
764 621 864 701 ipsum
880 620 1029 701 fugientes
1039 638 1222 707 exceptorum

175 714 259 773 dixit.
273 713 355 792 Ergo
368 713 509 789 exciperet
520 711 578 789 ipse
589 709 723 789 probum
737 729 798 767 csse
813 723 912 789 negat.
926 711 1018 768 Putat
1030 733 1117 787 vero,
1132 716 1225 795 parti·

176 802 259 863 culos
274 799 362 861 nmo!
374 812 419 874 ut,
435 818 499 857 non
514 796 715 871 divellendas,
730 797 780 856 scd
795 796 852 858 hoc
867 797 958 858 modo
972 801 1176 882 copulandas:

300 937 405 982 Contexit
413 933 476 981 illum
485 936 581 989 frutice,
592 946 615 980 et
625 935 755 989 admonuit,
766 933 833 979 simul

301 1008 333 1053 Ut
342 1009 432 1052 insueta
441 1023 499 1053 voce
510 1017 610 1051 terreret
619 1004 688 1050 ieras.

179 1131 244 1190 lloc
258 1143 315 1205 est,
329 1130 482 1190 admonuit
493 1132 629 1207 asinum,
643 1128 777 1190 simulac
788 1133 901 1189 insueto
914 1129 965 1190 ille
977 1150 1046 1190 voce
1061 1133 1226 1216 teneretfe-

179 1241 239 1294 ras,
248 1221 396 1303 fnpientes
408 1241 467 1279 sese
478 1222 620 1300 excipere,
636 1219 683 1280 vel
701 1233 887 1301 excepturum
898 1240 968 1279 esse.
984 1220 1092 1301 ltaque
1102 1242 1131 1280 v.
1145 1221 1166 1279 6
1183 1219 1227 1280 le-

179 1310 295 1391 gendus
306 1314 333 1369 ei
347 1310 484 1369 videtur:
496 1313 650 1391 anientes
662 1313 754 1391 ipsum
767 1312 896 1390 excipere
906 1331 950 1382 se,·
962 1309 1009 1368 vel
1022 1313 1114 1391 ipsum
1129 1331 1230 1392 excep·

179 1409 285 1458 turum.
298 1399 367 1456 Non
380 1400 450 1478 ipse,
464 1397 513 1456 sed
530 1400 623 1479 ipsum
636 1399 783 1480 scriptum
798 1397 902 1471 fuisse,
918 1397 994 1456 illud
1010 1398 1102 1457 etiam
1117 1398 1229 1457 indicio

180 1507 254 1558 esse,
270 1485 350 1564 quod
366 1486 525 1546 Neveletus
538 1498 567 1544 et
584 1486 635 1544 alii
647 1489 707 1566 ipse
723 1497 755 1544 nt
768 1485 882 1564 legant.
900 1483 1058 1558 Simalio,
1074 1507 1129 1567 pro
1144 1486 1231 1546 simul

180 1594 230 1644 ac,
248 1574 385 1632 Ciceroni
400 1575 547 1633 usitatum
564 1595 638 1647 esse,
656 1585 786 1632 notante
799 1575 874 1632 Hor.
886 1572 1071 1647 Tursellino,
1084 1577 1134 1634 cui
1146 1575 1231 1635 addit

181 1661 283 1721 locum
293 1662 359 1720 Val.
371 1662 479 1739 Flacci,
490 1664 541 1722 lib.
552 1665 588 1739 V,
600 1663 668 1744 549,
680 1667 808 1744 excipere
818 1683 874 1744 pro
885 1675 1071 1744 excepturum
1080 1686 1146 1737 esse,
1160 1665 1232 1724 alio·

181 1771 251 1809 rum
267 1750 403 1832 exempla
417 1752 587 1827 vindicare,
604 1773 673 1833 quae
689 1753 753 1834 ipse
767 1751 903 1811 attulerit
919 1752 956 1810 od
973 1748 1121 1810 Vechneri
1135 1752 1233 1811 Helle·

182 1838 278 1898 nolex.
293 1863 322 1922 p.
340 1839 405 1915 246.
421 1843 450 1901 Si
467 1856 570 1902 tamen
585 1842 642 1902 hoc
657 1843 760 1901 minus
773 1841 904 1922 placeat,
919 1837 996 1899 nihil
1011 1841 1144 1913 obstare,
1161 1862 1234 1921 quo-

182 1929 285 1988 minus
297 1928 415 2009 legatur
426 1944 625 2013 excepturum,
640 1929 724 2012 quod
741 1930 913 1990 breviatum
929 1930 1043 1988 mutari
1055 1930 1190 2011 potuerit
1201 1930 1234 1987 in

182 2021 329 2098 exciperet.
345 2024 421 2098 Qum
436 2022 625 2091 emendatio,
638 2023 692 2081 etsi
706 2022 805 2081 sensui
820 2019 1066 2094 accommodata,
1078 2033 1108 2079 et
1119 2019 1235 2079 erudite

183 2104 349 2182 illustrata,
367 2107 471 2189 paullo
487 2109 593 2168 durior
610 2121 640 2167 et
655 2130 673 2166 a
690 2109 782 2168 veteri
799 2109 949 2188 scriptura
966 2108 1058 2166 nimis
1078 2106 1171 2185 longe
1189 2128 1236 2166 re·

183 2193 286 2253 cedere
300 2194 376 2255 mihi
390 2197 519 2256 videtur.
532 2199 601 2255 Hoc
613 2197 696 2255 enim
709 2197 805 2267 modo,
815 2196 912 2255 multa
925 2196 957 2255 in
971 2195 1074 2276 priscis
1087 2194 1238 2275 scriptori·

183 2280 240 2339 bus
254 2282 320 2341 loco
335 2283 418 2342 facili
431 2286 554 2365 negotio
566 2304 674 2343 sanare
686 2285 845 2365 possimus.
859 2284 928 2341 Mea
944 2282 1069 2362 quidem
1086 2283 1235 2345 sententia

185 2372 215 2427 ri
226 2366 314 2427 simul
327 2372 437 2429 rectius
445 2371 588 2451 jungitur
600 2392 672 2430 cum
688 2369 851 2429 admonuit.
864 2372 925 2428 Leo
937 2369 1020 2427 enim
1034 2370 1168 2428 contexit
1179 2370 1236 2427 asi·

187 2479 264 2516 num
277 2456 399 2531 frutice,
412 2473 441 2519 et
455 2459 542 2519 simul
554 2457 733 2532 admonuit,
746 2471 781 2517 ut
792 2459 912 2517 insueta
927 2477 998 2516 voce
1010 2470 1134 2516 terreret
1149 2455 1236 2517 feros.

186 2548 289 2623 Quare
300 2549 324 2607 si
336 2548 414 2607 nihil
427 2548 606 2607 novandum
618 2561 675 2621 est,
688 2546 885 2607 statuendum
897 2568 969 2607 cum
978 2548 1113 2607 Puncoio
1124 2563 1153 2607 et
1166 2550 1239 2608 Auc-

186 2649 254 2693 tore
269 2635 410 2716 Epistola¹
426 2635 465 2693 ad
483 2636 577 2695 Amic.
594 2656 624 2715 p.
644 2637 660 2694 5
680 2635 779 2713 (1)‚et
797 2647 908 2695 terreret
923 2649 951 2694 et
964 2637 1104 2715 exciperet
1119 2636 1158 2694 ab
1176 2658 1238 2695 uno

188 2724 354 2805 eademque
364 2724 512 2806 particula
523 2736 555 2784 ut
566 2725 642 2805 regi3
656 2727 795 2805 exciperet
806 2744 878 2783 vero
891 2723 1120 2805 explicandum,
1131 2730 1240 2807 excipe-

189 2826 333 2892 reponet,
346 2835 415 2894 quse
428 2814 615 2895 conjunctivi
627 2814 715 2871 notio
728 2814 838 2872 centies
852 2815 997 2885 occurri13
1010 2814 1063 2872 etsi
1079 2835 1133 2872 nec
1144 2815 1185 2873 sic
1197 2814 1239 2873 lo·

189 2920 242 2958 cus
255 2898 332 2957 milri
346 2900 516 2960 satisfaciat.
529 2899 648 2975 Quodsi
660 2921 732 2959 vero
746 2901 875 2959 mutatio
887 2901 925 2958 sit
937 2901 1115 2972 necessaria,
1129 2902 1241 2960 Auctor

190 2989 247 3068 Ep.
263 2987 301 3045 ad
316 2989 411 3047 Amic.
425 3002 513 3070 putat
527 2987 859 3072 legendtrm‚firpientes
874 2991 931 3067 ipse
948 3000 979 3046 nt
992 2990 1139 3068 exciperet.
1154 2991 1242 3047 Attri-

191 3073 283 3143 tnlns‚
297 3076 406 3134 etnim
420 3089 454 3134 ut
466 3075 505 3134 ad
518 3076 692 3134 Lectionem
705 3073 781 3133 Cod.
795 3073 875 3133 Pith.
891 3086 924 3133 ut
934 3075 1097 3147 inseratur,
1113 3071 1159 3132 lic
1170 3094 1241 3134 vero

190 3163 360 3222 omittatur.
380 3163 435 3221 Sed
453 3162 568 3222 nollem
584 3163 686 3221 invitis
703 3161 787 3220 libris
801 3161 894 3221 deleri
911 3160 969 3234 liic,
986 3160 1071 3242 quod
1090 3162 1243 3242 eleganter

187 3250 293 3333 jungit
308 3267 447 3327 narrata,
460 3253 593 3311 maxime
604 3274 701 3332 quum
714 3264 745 3312 ut
758 3251 836 3310 absit
850 3252 882 3308 in
895 3250 968 3310 Cod.
982 3252 1060 3309 Dan.

232 3341 393 3403 Auritnlns.
405 3344 490 3402 Teste
499 3343 660 3416 Brotierio‚
672 3344 705 3401 in
714 3342 775 3401 MS.
787 3339 867 3399 Pith.
878 3354 938 3400 est:
952 3343 1011 3399 Hic
1019 3341 1165 3402 astricolas
1178 3342 1244 3403 cta·
1285 3367 1289 3375 ·

194 3451 300 3488 morem
310 3429 437 3490 etsubito
451 3427 526 3490 tollit
538 3433 603 3488 totis
617 3428 730 3489 uiribus.
744 3431 891 3510 Excerpta
903 3428 1014 3507 Rigalt.
1026 3443 1056 3488 et
1069 3429 1145 3489 Cod.
1160 3431 1241 3494 Dan.

193 3514 309 3577 habent
321 3516 477 3579 anniculus.
492 3519 573 3577 Hinc
586 3517 690 3577 locum
703 3519 787 3577 vario
799 3516 894 3576 modo
909 3514 1104 3576 sollicitatum
1115 3532 1243 3580 constat.

194 3604 343 3665 Meursius
363 3605 457 3665 edidit
475 3603 657 3677 armeniam,
673 3605 759 3686 quasi
777 3605 829 3685 qui
847 3616 977 3663 motaret
995 3624 1097 3678 aures,
1114 3618 1149 3663 ut
1168 3605 1243 3665 luna

196 3696 378 3755 corniculam
392 3696 473 3777 apud
490 3695 643 3754 Ammian.
658 3694 827 3754 Marcellin.
840 3694 909 3767 XX,
923 3695 954 3768 3,
966 3714 1034 3774 quae
1046 3693 1134 3754 lectio
1146 3709 1244 3755 metro

197 3778 381 3842 adversatur.
393 3783 565 3855 Neveletus‚
576 3783 717 3849 llittersh.
729 3798 760 3842 et
770 3781 879 3863 Rigalt.
890 3783 923 3841 in
933 3781 988 3840 Ed.
1001 3803 1033 3857 2,
1045 3802 1116 3842 cum
1126 3782 1244 3843 Walch.

197 3881 226 3926 et
238 3868 391 3931 Gebhard.
402 3874 490 3955 Crep.
503 3874 562 3947 ΙΙΙ,
575 3895 640 3955 cap.
658 3896 705 3949 ro,
719 3894 774 3933 nec
786 3893 849 3932 non
860 3869 1012 3933 Schirach.
1021 3872 1057 3929 V.
1069 3872 1105 3929 D.
1117 3871 1148 3929 in
1159 3871 1243 3932 Clav.

198 3956 231 4013 P.
246 3954 274 4029 l,
290 3977 318 4036 p.
335 3958 387 4032 30,
401 3958 507 4039 legunt
520 3956 668 4019 noneolas
679 3975 708 4018 et
719 3981 761 4019 vs.
777 3981 819 4040 sq.
833 3957 958 4018 elamore
969 3957 1076 4031 subito,
1091 3958 1147 4016 nisi
1160 3959 1243 4038 quod

198 4041 403 4119 Schirachius,
421 4061 542 4107 strenue
554 4047 722 4107 defendens
735 4045 896 4117 auriculas,
912 4045 1013 4116 malit,
1032 4042 1184 4103 clamorem
1197 4066 1243 4102 sn·

235 4222 274 4293 (a)
288 4223 344 4275 vid.
358 4188 392 4276 kin
407 4228 467 4280 Not.
482 4230 540 4279 Litt.
559 4228 702 4300 Scriptores
716 4226 851 4280 Phaedrum
863 4225 1021 4278 illustrantes
1032 4223 1195 4274 recentiores.
