2820 5018
548 459 814 524 PRAEFATIO.
1168 471 1200 533 ix

161 593 532 693 integram'Schwabii
555 598 621 691 (r),
646 596 746 697 cujus
770 597 896 670 miram
922 603 1140 699 sagacitatem
1164 607 1202 679 in

160 711 247 784 vitiis
259 712 462 805 odorandis,
474 734 508 786 et
519 739 638 813 parem
650 712 824 787 solertiam
838 715 877 789 in
891 715 1014 790 iisdem
1027 719 1203 814 tollendis,

162 851 232 901 non
259 826 417 900 dubitem
444 827 574 903 critices
599 827 775 918 studiosis,
803 851 972 929 tanquam
1000 833 1204 932 praeclarum

162 941 266 1042 hujus
282 941 365 1015 artis
389 941 604 1041 exemplum,
623 942 887 1017 commendare:
912 945 1067 1021 doctrina
1088 970 1205 1023 autem

167 1079 215 1131 est
228 1056 418 1157 ejusmodi,
436 1078 474 1131 ut
488 1059 524 1131 in
539 1058 624 1131 locis
641 1059 792 1132 obscuris
807 1059 913 1151 nihil,
931 1064 1025 1160 quod
1038 1064 1208 1137 conduce-

166 1194 217 1246 ret
229 1172 274 1245 ad
283 1172 518 1271 explanandos
530 1200 606 1263 eos,
622 1174 904 1271 pretermitteret.
917 1176 1138 1277 Quapropter
1146 1204 1208 1278 per

164 1285 286 1359 omnia
295 1307 431 1360 secutus
440 1313 519 1359 sum
529 1287 767 1360 recensionem
779 1309 904 1379 textus,
919 1291 1060 1389 qualem
1071 1291 1209 1365 schwa-

164 1402 244 1475 bius
254 1401 405 1475 dederat.
419 1406 637 1500 Expresserat
646 1403 675 1474 is
684 1403 877 1478 editionem
887 1406 1207 1497 Burmannianatn,

163 1519 313 1594 maxime
335 1520 516 1619 probatam
534 1539 614 1591 ante
635 1519 768 1620 ipsum,
790 1542 894 1621 atque
917 1522 1021 1595 etiam
1040 1523 1209 1623 probabi-

163 1634 253 1724 lem,
272 1635 341 1709 nisi
361 1633 457 1733 quod
476 1636 714 1725 Burmannus,
738 1633 876 1709 ablatus
898 1636 1022 1711 eadem
1044 1637 1207 1726 fidentia,

165 1775 271 1846 quam
283 1749 321 1821 in
335 1748 527 1823 editoribus
540 1749 699 1849 anglicis,
712 1749 868 1824 Bendeio
880 1772 983 1852 atque
994 1753 1122 1842 llario,
1137 1753 1209 1853 ipre
1273 1837 1280 1847 ‚

165 1863 401 1963 reprehendit,
417 1890 491 1937 non
507 1891 581 1937 uno
594 1864 671 1937 loeo
685 1865 815 1937 formas
830 1865 1056 1964 elegantiores
1070 1869 1130 1963 (nt
1142 1866 1209 1938 sibi

165 1980 362 2076 ridebatur)
390 1979 536 2053 Pbaedro
562 2007 603 2051 ex
623 1979 764 2076 ingenio
788 1981 989 2053 obtruserat.
1016 1985 1088 2052 Has
1111 2006 1211 2078 pune

168 2121 312 2187 omues,
345 2095 478 2169 collatis
510 2093 609 2166 libris
640 2093 900 2190 manuscriptis,
931 2093 1082 2166 exsulare
1109 2093 1213 2195 justit

165 2211 368 2302 Schwabius
382 2210 479 2305 (vide
495 2209 738 2282 Praelationem
749 2208 840 2307 ejus,
858 2206 1084 2308 iudicemque
1095 2235 1212 2285 enten-

168 2327 349 2403 datiouum
368 2353 447 2425 pag.
473 2326 544 2398 316
566 2323 674 2424 hujus
695 2323 921 2418 voluminis),
946 2324 984 2395 iu
1001 2323 1151 2422 siugulis
1171 2345 1213 2397 ut

167 2468 308 2540 equum
321 2461 409 2529 erat,
422 2459 520 2514 caute
532 2436 816 2537 pedetentimque
828 2464 953 2535 agens:
969 2459 1075 2528 recte,
1088 2438 1214 2536 utopi·

168 2584 247 2647 nor,
259 2555 439 2657 judicans,
455 2555 493 2625 in
511 2573 628 2651 poeta,
643 2552 742 2653 cujus
757 2574 828 2625 tam
842 2553 945 2649 pauci
961 2551 1135 2651 supersint
1151 2578 1212 2624 co-

168 2674 277 2763 dices,
295 2671 429 2745 nullam
447 2669 650 2768 religionem
666 2695 765 2766 posse
780 2668 928 2741 nimiam
943 2668 1062 2743 videri.

217 2791 353 2860 Verum
372 2784 515 2860 editioni
534 2783 764 2857 Schwabianae
783 2809 860 2880 quac
882 2784 984 2874 ratio,
1009 2810 1085 2880 quae
1108 2809 1213 2856 orna-

170 2902 385 2993 mensarios,
404 2902 562 3001 pluribus
578 2900 690 2974 verbis
707 2900 793 2997 quid
808 2897 975 2972 doceam?
994 2898 1085 2973 Scire
1099 2926 1140 2972 ea
1156 2925 1223 2991 ac-‚

170 3043 289 3094 tntum
299 3018 478 3092 arentibus
489 3039 612 3117 praesto
623 3038 703 3090 sunt
714 3017 818 3116 ipsius
829 3017 985 3088 Praefatio
995 3020 1046 3112 (a)
1058 3015 1214 3115 proxime

171 3138 341 3237 subjecta,
366 3162 442 3234 quae
464 3134 507 3206 de
528 3135 683 3207 instituto
708 3133 922 3232 consilioque
944 3161 1007 3206 suo
1030 3133 1217 3232 prudenter

173 3281 213 3326 ac
236 3254 374 3351 copiose
392 3250 567 3340 disseruit,
592 3271 624 3322 et
649 3249 806 3349 ejusdem
832 3249 917 3320 varii
940 3252 1127 3336 Excursus,
1150 3248 1217 3318 vita

173 3369 309 3443 Phaedri
327 3395 366 3440 ex
387 3366 546 3457 Phaedro,
571 3388 673 3465 atque
696 3365 823 3438 Notitia
843 3364 1004 3438 litteraria
1025 3364 1067 3437 de
1082 3362 1216 3435 Phaedri

175 3484 335 3584 operibus
364 3482 429 3577 (3),
458 3481 513 3553 cui
535 3480 678 3553 feliciter
700 3481 892 3581 subjunctae
918 3500 999 3551 sunt
1026 3466 1218 3550 adnotatio-

176 3627 236 3673 nes
250 3598 579 3697 emendationesque
604 3594 751 3695 gallicae,
773 3606 933 3669 testantes
954 3615 1126 3696 quantum
1144 3592 1219 3665 lucc

176 3736 291 3788 nostra
301 3711 406 3786 editio
421 3712 544 3784 debeat
557 3715 636 3783 Ant.
646 3711 740 3784 Alex.
753 3709 905 3797 Borbier,
923 3711 976 3812 cuj
982 3737 1021 3783 us
1030 3734 1171 3783 summa
1181 3707 1217 3778 in

178 3854 211 3899 re
233 3825 511 3924 bibliographica
528 3846 643 3896 nostro
663 3851 732 3895 aevo
750 3825 933 3896 auctoritas
952 3824 1059 3922 viget;
1086 3821 1217 3922 quique

211 4045 250 4116 (r)
262 4047 323 4097 llaec
335 4043 403 4096 edita
414 4058 450 4096 cst
464 4048 623 4118 llrunssigae,
642 4047 721 4105 1806,
739 4065 751 4099 a
768 4045 827 4097 roll.
840 4046 914 4098 in·8‘'.

214 4126 376 4196 (n)llujuscc
390 4128 467 4190 tomi,
481 4147 507 4197 p.
524 4145 531 4177 r
551 4146 588 4197 sq.

213 4201 252 4271 (3)
264 4202 329 4256 Μ.
344 4224 369 4274 p.
385 4213 418 4273 ap
429 4224 465 4273 sq.
