2820 5018
206 458 268 524 258
575 448 640 511 DE
663 448 883 513 PHAEDRO

203 601 261 661 dro
276 595 469 661 tribuuntur,
487 586 525 645 ab
543 585 601 644 lroc
618 585 710 667 plane
727 584 896 666 abjudicat,
910 588 1143 675 Perottumque
1160 610 1252 659 aucti>

202 711 267 751 rem
280 683 456 745 fabularum
469 675 542 735 fecit
553 697 561 746 3
578 688 656 733 certe
668 674 735 734 illas
747 696 872 757 prorsus
883 678 975 759 eripit
987 683 1130 762 antiquo
1144 687 1199 747 aevi
1211 688 1252 747 'li-

203 773 321 839 beriani
337 765 535 849 scriptori(r).
550 764 588 821 lt
599 783 672 821 vero
687 783 784 842 quum
803 785 858 825 nec
873 765 999 848 reliquae
1015 769 1138 831 Perotti
1150 772 1251 836 fabule

203 863 292 925 editae
307 875 437 937 usquam
453 851 528 925 sint;
547 868 646 929 neque
664 851 696 908 in
713 850 832 910 Avieno
849 851 956 911 sabula
976 853 1064 916 illius
1084 864 1249 941 argumenti

203 946 386 1032 reperiatur,
401 960 495 1021 quarn
507 938 642 997 carmine
655 938 823 1018 exprimere
834 941 988 1021 potuerit:
1005 942 1172 1021 nannius,
1181 946 1250 1009 Ple

203 1039 296 1099 drum
308 1034 382 1091 citro
396 1048 521 1089 omnem
533 1027 739 1106 exceptionem
750 1026 906 1088 Tiberiani
920 1030 976 1087 aevi
989 1032 1181 1114 scriptorem
1190 1058 1249 1119 pre

204 1124 360 1200 fessus(o),
377 1118 560 1178 Scriverium
578 1114 702 1189 refellit,
719 1117 878 1176 Perottum
892 1132 998 1178 autem
1016 1120 1190 1187 lectoribus
1201 1127 1246 1185 im·

205 1234 321 1300 ponere
336 1209 467 1269 voluisse
486 1227 552 1266 non
572 1204 709 1277 dubitat,
730 1218 846 1280 ratum,
864 1206 948 1288 apud
965 1230 997 1269 se
1014 1211 1125 1272 solum
1143 1212 1247 1274 andri

204 1302 378 1384 exemplum
389 1311 518 1369 exstare,
530 1293 669 1374 adeoque
680 1314 784 1353 versus
796 1293 878 1355 illins
889 1296 1039 1358 audacter
1050 1322 1114 1383 pro
1129 1302 1188 1361 suis
1197 1324 1213 1362 n
1221 1322 1245 1362 te

204 1389 355 1451 venditari
368 1406 456 1468 posse
465 1384 514 1462 (3).
528 1379 688 1440 Barthium
701 1380 812 1442 deinde
824 1383 878 1442 alii
889 1387 983 1445 secuti
996 1402 1093 1463 sunt,
1105 1390 1244 1451 Pelorum

205 1481 300 1564 plagii
315 1488 475 1556 arguentes
485 1470 535 1551 (4).
554 1471 704 1553 Equidem
723 1475 908 1554 putaverim,
924 1474 1199 1563 Archiepiscopum
1210 1480 1244 1541 fi·

189 1569 371 1654 pontinum
384 1563 478 1647 plagii
491 1562 664 1642 suspicione
676 1561 768 1643 plane
779 1583 842 1622 esse
856 1562 1069 1628 liberandum.
1084 1568 1240 1631 Dicirniu

204 1663 237 1719 in
252 1656 433 1742 prefatione
445 1654 482 1712 od
499 1651 670 1735 Pyrrhum,
683 1652 808 1734 praefixa
820 1652 885 1734 ejus
900 1657 1053 1738 opusculo
1066 1658 1239 1731 fabularum,

203 1749 313 1808 diserte
325 1762 417 1825 atque
429 1745 579 1824 ingenue:

345 1878 369 1927 N
373 1894 407 1925 on
418 1886 476 1924 sunt
486 1875 550 1937 mei,
562 1890 628 1943 qnos
637 1885 729 1942 putas,
739 1872 872 1938 versiculi,

345 1954 395 2007 Sed
407 1955 496 2024 AEsopi
507 1966 580 2016 sunt,
592 1965 618 2002 et
628 1953 719 2003 Avieni
728 1966 754 2002 et
765 1951 879 2016 Plraedri,

346 2037 421 2102 Quos
431 2033 537 2104 collegi,
549 2046 577 2083 ut
586 2046 685 2097 essent,
696 2032 805 2105 Pyrrhe,
817 2032 893 2085 utiles
902 2032 965 2097 tibi,

345 2116 454 2184 'suaque
465 2131 556 2163 caussa
568 2111 662 2182 legeret
672 2113 824 2181 posteritas,
836 2125 884 2163 etc.
897 2110 935 2182 (5)

245 2234 365 2312 Exque
381 2231 452 2290 satis
467 2244 564 2310 patet,
577 2232 700 2288 Perotto
714 2230 747 2287 in
762 2244 896 2288 mentem
910 2249 978 2288 non
992 2229 1130 2305 venisse,
1140 2228 1240 2291 fabulo

206 2334 235 2380 et
256 2321 365 2379 Avieni
387 2333 416 2377 et
437 2315 556 2377 l'ltaedri
577 2338 632 2398 pro
651 2318 713 2374 snis
732 2317 898 2376 venditore.
919 2315 1040 2393 Quodsi
1063 2318 1149 2377 enim
1167 2316 1240 2377 veli

206 2408 279 2467 dore
296 2405 440 2465 voluisset
459 2404 637 2478 lectoribus,
656 2402 793 2485 profecto
813 2425 876 2464 non
895 2401 1111 2481 confiteretur,
1130 2426 1189 2465 sese
1202 2402 1241 2463 de

206 2497 277 2555 bere
289 2494 410 2553 fabulas
423 2514 492 2551 suas
504 2495 628 2575 AEsopo,
647 2495 764 2553 liviano
780 2508 810 2553 et
826 2493 964 2554 Phaedro.
980 2495 1089 2570 Quare
1103 2498 1241 2557 Perottuu

206 2587 238 2642 in
251 2584 335 2656 loce,
348 2605 364 2640 e
376 2583 577 2663 Cornucopiae
590 2582 738 2653 adducto,
750 2584 824 2643 vitio
837 2584 1009 2655 memoriae,
1026 2585 1241 2643 Avianumeuu

207 2671 337 2731 Plraedro
350 2687 567 2744 commutasse,
584 2670 672 2730 focile
689 2672 881 2730 crediderim.
899 2673 1016 2752 Nempe
1032 2688 1123 2733 aetote
1137 2692 1243 2755 provet-

206 2774 255 2819 tus
272 2761 387 2819 oblitus
409 2772 469 2832 est,
490 2780 559 2838 qnae
583 2759 723 2834 Phaedro,
745 2782 814 2840 quae
832 2761 951 2819 Avieno
971 2759 1102 2822 referret
1121 2775 1242 2844 accepto,

206 2870 335 2930 quaeque
351 2868 368 2905 a
383 2868 413 2905 se
429 2862 569 2907 contexta
588 2850 619 2906 in
638 2848 816 2907 l'nbulnrnm
834 2871 925 2927 opus,
944 2848 1028 2929 quod
1046 2851 1120 2909 inde
1132 2872 1150 2909 a
1161 2852 1242 2932 prinu

206 2937 409 3006 adolescentia
428 2936 579 3007 struebat,
598 2950 789 3014 congesserat
798 2938 846 3014 (6).
867 2936 952 2996 lstud
964 2950 1072 2997 autem
1085 2936 1243 2997 fabularum

208 3049 297 3109 opus,
309 3024 393 3107 quod
405 3023 675 3099 Cirrcstomatliiam,
688 3046 739 3083 seu
749 3024 936 3108 Florileqium
946 3047 1013 3086 non
1024 3025 1245 3110 ineptedixeris,
1270 3100 1274 3107 .

210 3188 336 3245 mutulos,
354 3187 452 3259 inquit,
467 3187 537 3259 quod
550 3187 657 3258 quisque
672 3204 714 3236 vo·
789 3187 826 3257 (l)
838 3188 1020 3242 Schumanuus
1034 3192 1062 3240 in
1077 3191 1144 3243 Diss.
1157 3189 1188 3241 (le
1198 3188 1245 3237 Vnt

211 3269 304 3328 (μανι),-
314 3288 338 3317 v.
348 3286 379 3335 ς),
386 3269 499 3339 fructus.
754 3285 778 3322 et
796 3270 902 3343 Scriptis
918 3271 1033 3338 Pha-dri,
1054 3292 1112 3344 quae
1131 3270 1246 3327 exstetiu

246 3346 283 3416 (ι)
296 3347 353 3397 Vid.
365 3350 482 3399 Scriverii
492 3347 669 3400 Animadvers.
681 3347 713 3399 od
753 3352 820 3401 Nov.
831 3352 920 3401 Acerr.
933 3349 1063 3420 Philolog.
1075 3354 1102 3402 P.
1113 3352 1151 3413 11,
1160 3370 1185 3421 p.
1198 3344 1245 3417 176

211 3424 322 3476 Manioi.
336 3427 363 3474 L.
376 3427 480 3495 lll,Ep.
497 3426 643 3497 20,paull0
655 3442 714 3478 onte
789 3430 826 3500 (5)
850 3430 914 3481 Vide
942 3449 1020 3501 supra
1043 3424 1244 3483 lndieemtlodd

212 3508 316 3566 citatas3
326 3505 386 3555 coll.
399 3507 479 3578 llnylii
491 3510 600 3569 Lesico,
612 3529 626 3560 a
639 3510 713 3560 Gon·
754 3510 825 3561 MSS.
844 3508 943 3561 Phaedri
958 3518 987 3559 u⁰
1005 3510 1037 3573 5,
1055 3509 1089 3561 de
1101 3508 1197 3563 Codice
1208 3508 1247 3559 Pe·

211 3587 317 3638 schedio
325 3590 471 3654 flerrnnnicc
482 3607 569 3653 verso,
580 3589 628 3639 snb
640 3591 714 3640 Ple·
754 3591 822 3640 rotti.

211 3669 277 3718 drus.
291 3668 376 3717 Etiam
388 3669 494 3718 Vossius
509 3668 541 3719 de
554 3671 616 3721 Arte
626 3671 715 3722 Gram-
790 3667 827 3738 (6)
841 3666 972 3739 Compara
984 3669 1075 3738 pagio.
1093 3666 1247 3739 257,uot.‡

213 3759 272 3797 ruat.
286 3745 314 3795 L.
327 3746 364 3808 ll,
377 3766 399 3794 e.
416 3745 446 3796 16
456 3745 489 3795 de
499 3746 622 3798 ledro:
639 3773 649 3793 a
661 3769 714 3799 non
754 3750 888 3798 Perottum
903 3748 981 3798 etium
995 3766 1009 3797 a
1024 3745 1116 3818 plagio
1130 3746 1248 3799 vindice!

212 3837 250 3875 est
259 3822 379 3874 Phaedrus
390 3825 521 3892 Augustei
532 3826 590 3885 ove
601 3825 640 3876 vel
653 3827 716 3879 mul-
756 3826 929 3878 Desbillonius
941 3824 957 3875 l.
972 3844 994 3875 c.
1008 3824 1084 3896 Disp.
1097 3827 1135 3891 ll,
1150 3846 1176 3898 p.
1191 3838 1249 3881 nm

212 3920 238 3956 ta
251 3902 340 3955 saltem
353 3919 440 3955 sunto
454 3907 567 3975 sequiori
578 3921 677 3959 eunte·
758 3908 925 3979 Corrnepieter
943 3907 970 3956 in
991 3907 1058 3957 Diss.
1079 3906 1113 3959 de
1133 3910 1250 3961 AEteted

246 3981 284 4052 (α)
296 3983 326 4031 V.
340 3982 436 4032 Bortlrii
447 3982 511 4034 Adv.
527 3985 555 4034 L.
568 3985 674 4051 XXXV,
689 4006 710 4037 c.
754 3989 824 4062 Stylo
840 3991 945 4051 Aviani,
962 4009 990 4061 p.
1007 3990 1067 4042 286.
1084 3990 1250 4043 Desbilloniu

214 4083 240 4117 ut
251 4104 258 4125 ,
270 4077 295 4115 et
307 4063 340 4115 od
352 4063 485 4115 Claudian.
499 4086 525 4137 p.
540 4069 598 4137 827.
754 4086 840 4124 autem
855 4071 943 4123 scribit
954 4070 971 4122 l.
987 4090 1009 4122 c.
1026 4095 1038 4117 a
1048 4072 1130 4139 Quod
1144 4068 1251 4125 credide·

247 4148 284 4215 (3)
301 4145 387 4197 Barth.
407 4146 421 4197 Ι.
441 4165 462 4197 c.
479 4146 537 4199 coll.
557 4148 668 4203 Fabricii
684 4153 710 4203 B.
753 4154 784 4202 rit
795 4151 948 4213 Scriverius,
961 4149 1045 4201 fctum
1057 4168 1115 4202 esse
1128 4170 1183 4203 non
1192 4149 1252 4203 l'b*

211 4229 238 4278 1..
252 4230 281 4279 T.
297 4229 333 4295 ll,
346 4248 372 4300 p.
387 4229 420 4281 26
435 4247 490 4300 sqq.
753 4229 806 4293 dri,
819 4228 864 4281 sed
876 4229 986 4292 Perotti,
999 4227 1120 4283 fabulam
1134 4230 1169 4284 de
1179 4228 1251 4283 Arbo-

547 4398 569 4453 Q
585 4433 589 4442 .
