2820 5018
98 438 111 465 t
187 406 252 471 506
538 396 807 465 uxcUusus
830 399 882 462 Vl

182 547 273 620 dam,
285 565 325 605 nc
336 562 447 626 parum
459 561 563 601 rocem
577 541 765 615 emitterent,
780 537 854 600 hinc
863 540 1035 601 luvenalis
1049 541 1070 601 l.
1083 563 1110 603 c.
1124 569 1139 598 α
1148 544 1233 604 aa»

186 655 234 697 nae
255 633 397 716 pallentis
417 628 536 690 hiatum
557 631 594 690 lu
614 630 733 710 gremio
753 630 861 690 matris
880 629 1046 691 formidat
1064 634 1191 694 rusticus
1204 638 1238 694 in·

183 725 263 785 fans.
273 747 289 779 s
303 721 350 783 Gi.
365 723 489 781 Gesner.
504 720 538 778 in
549 719 639 780 Thes.
651 722 685 779 L.
701 722 735 779 L.
748 740 778 780 v.
788 723 931 780 Persona.
942 722 1058 781 Etiam
1071 723 1151 784 Plin.
1161 726 1197 784 ll.
1206 726 1235 784 ll.

185 813 240 873 lib.
252 811 346 885 XXV,
358 831 424 891 cap.
442 831 491 882 11,
508 807 546 867 de
558 807 706 868 Loucbite
720 808 864 889 loquens,
877 810 982 868 inette
997 809 1079 870 dicit
1090 809 1160 871 huic
1169 813 1236 894 plan

187 916 227 961 tae
239 895 369 980 capitula
380 898 508 978 personis
521 900 639 958 comicis
655 896 772 957 similia.
784 899 820 958 V.
835 897 1022 959 Desbillon.
1041 901 1068 958 E
1084 902 1190 982 qrtibus
1200 901 1236 960 lo·

186 989 228 1048 cis
246 985 416 1046 luculenter
433 998 574 1066 apparet,
593 984 723 1045 verbum
739 1004 868 1066 persona
887 983 946 1044 soli
965 989 1143 1047 convenire
1159 986 1235 1046 facin

186 1076 254 1137 Alia
274 1075 353 1150 loca,
373 1086 409 1135 ut
427 1073 541 1134 cbartoe
562 1095 702 1156 parcam,
718 1075 836 1134 omitto.
852 1073 963 1135 Nihilo
984 1094 1067 1135 vero
1082 1078 1173 1137 secius
1186 1096 1234 1137 nou

187 1165 276 1247 pauci
288 1177 376 1239 sunt,
388 1164 443 1246 qui
454 1165 639 1239 existiment,
650 1184 802 1245 personum
813 1182 880 1222 nou
895 1161 1006 1224 solum
1019 1166 1129 1226 vultus
1140 1169 1235 1249 cupitis

186 1272 247 1333 que
264 1263 493 1332 tegumentum,
508 1252 559 1312 sed
576 1272 702 1312 omnem
715 1253 887 1312 mimorum
904 1264 937 1311 et
951 1250 1147 1312 histrionum
1160 1257 1232 1315 mm

187 1352 217 1398 ct
228 1335 371 1398 habitum
383 1337 576 1421 significasse.
586 1340 727 1417 Quorum
739 1341 772 1398 iu
783 1357 959 1398 numerum
972 1354 1096 1421 preter
1107 1340 1166 1399 elius
1174 1338 1231 1398 refe

187 1425 300 1487 modus
317 1430 402 1509 Aget.
419 1429 613 1489 Mariscottus
628 1430 684 1507 (t),
698 1446 791 1509 quem
806 1440 992 1508 sequuntur
1012 1429 1230 1512 Bergemsluiet

187 1515 315 1576 Pitiscus
330 1517 382 1595 (3).
399 1518 488 1578 Hisce
500 1517 615 1579 accedit
629 1518 800 1596 Lessiugius
813 1514 870 1593 (li),
888 1516 1056 1577 scribens:
1071 1538 1175 1578 uuum
1185 1536 1231 1598 pm

186 1605 315 1664 sonam?
335 1626 463 1688 persona
479 1628 542 1666 war
556 1606 604 1666 die
621 1625 713 1686 quate
733 1608 828 1680 casui,
849 1602 899 1663 die
919 1624 1024 1686 qauze
1045 1605 1185 1686 Kleidimq
1198 1604 1232 1662 ln

188 1690 416 1775 Schauspielers,
429 1693 493 1755 und
504 1692 568 1754 bier
577 1688 651 1774 istju
663 1714 721 1752 nur
730 1712 787 1751 uon
796 1691 849 1750 der
860 1694 961 1752 lame
972 1692 1027 1753 dte
1037 1693 1125 1753 Rede.
1135 1691 1185 1752 sed
1194 1693 1233 1750 in·

190 1782 299 1842 merito
317 1786 455 1866 carpitur
470 1784 588 1843 Noster.
608 1780 755 1863 Exempla
771 1781 855 1841 euim
872 1803 974 1863 supra
995 1784 1093 1843 citata
1111 1781 1235 1865 probant,

188 1892 351 1954 personam
371 1892 435 1932 uon
451 1870 622 1954 significare
641 1869 827 1930 histrionum
845 1874 966 1946 nali,
984 1871 1040 1931 sed
1057 1874 1235 1946 Larvum3ue

187 1960 307 2033 dicam,
326 1961 495 2021 Mariscotti
512 1971 695 2040 argumenta
712 1958 897 2038 neutiquam
914 1957 957 2016 ad
980 1959 1178 2041 probandum
1191 1978 1236 2018 1111

188 2049 313 2124 idonea,
332 2063 363 2109 et
383 2048 468 2110 bunc
487 2052 589 2109 virum
606 2048 732 2108 doctum
752 2067 792 2107 ne
808 2047 942 2107 unicum
963 2048 1098 2130 quidem
1112 2048 1235 2109 elutiuit

187 2137 390 2219 scriptoribus
402 2137 504 2198 locum
516 2136 667 2209 attulisse,
679 2155 715 2195 ex
727 2153 790 2216 quo
803 2133 931 2216 probari
946 2138 1067 2217 possit,
1080 2158 1180 2198 vocem
1188 2156 1235 2216 ρα-

189 2247 271 2287 sonte
288 2246 336 2301 eo,
353 2249 416 2309 quo
433 2227 560 2301 volunt,
579 2246 669 2286 seusu
686 2224 777 2284 fuisse
795 2239 999 2306 usurpatam.
1019 2228 1077 2288 Sed
1094 2225 1178 2309 hujm
1191 2225 1234 2285 loci

191 2334 256 2376 non
268 2330 312 2376 est
328 2314 478 2378 haedere
495 2315 591 2376 firsius
603 2315 755 2376 disserere.
770 2313 871 2373 Verba
884 2312 1018 2376 Phaedri
1029 2338 1038 2374 ι
1049 2337 1068 2376 o
1079 2328 1183 2397 qumua
1191 2333 1236 2394 spe

187 2407 261 2465 cies!
272 2406 333 2466 dici
344 2410 376 2467 in
389 2421 525 2491 respectu
536 2407 575 2466 ad
588 2419 745 2466 externam
759 2403 970 2484 majestatem,
984 2405 1131 2467 Schefleri
1139 2419 1178 2466 cst
1186 2422 1236 2463 seu

190 2494 296 2552 tentia.
316 2518 330 2546 u
341 2496 417 2554 Nam
436 2508 613 2576 augustam,
631 2495 737 2574 inquit,
753 2503 784 2551 et
798 2492 1018 2553 venerabilem
1032 2492 1168 2572 iutelligit
1182 2510 1236 2572 spc-

189 2583 268 2640 ciem
290 2603 400 2660 quam,
421 2597 456 2643 ut
476 2584 564 2642 rebus
583 2583 664 2656 aliis,
684 2584 725 2642 sic
743 2602 795 2642 ore
812 2580 972 2663 vultuque
992 2582 1188 2666 exprimebant
1204 2581 1232 2637 in

190 2670 363 2747 tragoediis,
380 2685 415 2730 ut
433 2673 465 2730 in
482 2671 593 2751 quibus
612 2691 694 2750 reges
712 2670 825 2751 aliique
840 2670 901 2728 viri
918 2675 1032 2753 magni
1045 2670 1081 2729 ab
1094 2667 1229 2726 actoribus

190 2754 452 2817 inducebamus„
467 2758 522 2817 Sed
536 2756 601 2817 haec
615 2761 712 2839 magis
726 2759 764 2818 de
778 2756 1012 2838 amplitudine,
1025 2778 1108 2842 quum
1122 2756 1156 2814 de
1170 2753 1230 2838 pul·

190 2843 366 2904 chritudine
377 2859 407 2904 et
418 2859 541 2906 externa
555 2846 709 2928 majestate
721 2861 794 2928 puto
807 2864 868 2904 csse
879 2845 1099 2928 intelligenda,
1107 2840 1233 2926 quematl

188 2933 319 2992 modum
331 2947 410 2993 recte
421 2933 498 2992 vidit
509 2935 709 3013 Boettigerus,
723 2932 808 3013 cujus
817 2952 891 2991 cum
904 2946 984 2993 nota
998 2934 1037 2994 ad
1050 2931 1081 2992 h.
1093 2930 1152 2991 fab.
1161 2951 1199 2989 ts
1211 2949 1231 2994 1·

189 3044 339 3105 compara
358 3022 476 3083 larvam
495 3023 675 3083 muliebrem
693 3023 774 3105 apud
796 3023 1003 3083 Ficoronium
1022 3025 1081 3102 (ὁ),
1097 3044 1147 3082 ore
1162 3039 1230 3101 gran·

188 3111 284 3182 diori,
299 3112 551 3193 capillamentum
563 3111 741 3183 habentem,
757 3110 840 3191 quod
857 3111 961 3170 ambit
973 3126 1072 3193 caput
1086 3127 1115 3171 et
1128 3110 1228 3191 spetiem

188 3201 360 3281 quamdam
375 3202 475 3261 mitrae
490 3202 522 3260 iu
536 3200 637 3260 frontc
650 3212 854 3282 repraesentat.
874 3200 950 3259 Haec
966 3221 1096 3282 quoquc
1112 3193 1228 3281 capienda

191 3312 247 3371 pro
260 3304 374 3351 ornatu
389 3292 479 3351 altius
491 3293 645 3351 eminente
658 3292 732 3350 etin
745 3303 871 3349 acutum
884 3289 1067 3366 desinente,
1080 3285 1228 3349 maximelu

191 3381 343 3458 personis,
364 3401 415 3440 seu
436 3380 528 3441 larvis
550 3379 765 3452 muliebribus,
785 3398 880 3459 quem
899 3379 1005 3440 Grteci
1027 3379 1109 3458 ὄγκον
1126 3373 1229 3460 eppdlt

190 3465 280 3539 bant,
295 3488 449 3548 quemque
464 3467 570 3527 Pollux
587 3467 697 3526 litterae
714 3475 738 3524 Δ
755 3463 890 3546 figuram
905 3466 1049 3527 retulisse
1062 3466 1175 3536 scribit,
1188 3457 1229 3519 ubi

188 3555 272 3633 quod
286 3555 450 3614 Salmasius
462 3555 495 3614 in
507 3558 563 3637 Ep.
577 3555 614 3614 ad
628 3554 769 3614 Colvium
782 3568 917 3628 censent,
932 3555 1019 3614 istud
1033 3554 1192 3635 fastigium,
1203 3549 1227 3604 in

189 3643 300 3701 vertice
317 3641 484 3722 adjectum,
498 3663 561 3702 nou
579 3665 615 3703 ex
630 3642 766 3703 crinibus
782 3640 916 3717 factum,
927 3642 983 3703 sed
996 3664 1033 3704 ex
1044 3643 1152 3704 eedem
1160 3648 1229 3697 tutte·

225 3949 264 4020 (1)
275 3949 313 3999 De
324 3949 443 4000 l‘crsonis
454 3962 479 4000 et
493 3949 581 4001 Laruis
591 3969 614 4000 c.
628 3952 651 4015 l,
666 3953 692 4001 in
770 3950 780 4020 (

190 4029 282 4082 Grovii
291 4029 368 4080 Thes.
382 4030 442 4080 Ant.
455 4031 528 4081 Rom.
544 4031 575 4082 Τ.
589 4032 638 4096 lx,
648 4030 694 4082 ubi
769 3951 796 4099 (l

798 3951 879 4020 )Lex.
891 3951 953 4000 Ant.
967 3952 1046 4002 liom.
1057 3969 1117 4001 voc.
1129 3949 1228 3999 Petrum.

797 4031 873 4095 )Zur
885 4031 980 4083 Gesct.
993 4031 1044 4081 der
1059 4030 1147 4101 ,Emp
1160 4017 1229 4078 Fabel-

188 4111 250 4164 vide
260 4133 286 4183 p.
302 4128 375 4180 ¹107.
735 4133 760 4183 p·
776 4109 831 4175 240

226 4192 264 4263 (2)
275 4194 303 4244 L.
314 4210 336 4242 c.
349 4210 374 4263 p.
392 4190 422 4256 14
438 4210 476 4262 sq.
769 4188 807 4259 (5)
817 4189 845 4240 L.
858 4208 881 4240 c.
894 4180 949 4240 tub.
963 4189 1062 4256 XLlll,
1072 4209 1099 4261 p.
1111 4187 1151 4253 64.
