2820 5018
169 452 245 522 ,538
512 439 782 508 EXCURSUS
803 441 897 507 XVI

178 612 229 649 sen
243 610 323 668 seyn.
337 587 414 665 Qua
426 583 551 665 quidem
561 602 580 640 a
592 581 720 639 veritate
736 600 804 641 non
820 594 901 663 puto
919 601 987 642 esse
1003 581 1117 642 alima.
1133 582 1185 644 sat
1197 581 1230 642 el.

179 677 325 736 bindner.
338 679 369 734 τὸ
382 672 513 733 destricta
526 667 656 750 explicat
668 681 822 749 praetexta,
838 668 979 746 subsuta,
996 669 1061 731 boc
1075 692 1178 731 senar:
1190 686 1231 730 ta-

180 765 283 823 nicam
295 763 389 822 linteo
400 757 520 820 Pelusio
532 757 571 816 ab
583 754 718 816 humeris
731 771 916 837 praetextam
927 757 1049 833 fuisse,
1062 761 1117 832 ita,
1130 770 1163 818 ut
1171 760 1230 818 cirri

97 851 100 856 ’
180 851 394 934 dependerent.
407 848 505 907 Vertit
522 858 625 905 autem
641 865 687 904 vs.
709 866 739 904 11
760 865 821 926 seq.
838 846 882 905 sic
898 849 1108 926 germanice:
1122 846 1169 906 der
1180 849 1232 905 eine

186 943 296 999 Tunica
314 961 356 998 an
374 936 470 1011 batte,
490 933 593 994 welche
612 956 668 994 von
687 933 744 993 den
760 931 919 995 Schultem
934 956 982 994 an
1002 939 1062 995 mit
1078 933 1233 995 Pelusiscbtr

182 1025 342 1087 Leirrwand
360 1025 474 1099 besetzt,
494 1022 655 1083 verbriimet
672 1045 746 1095 war,
768 1043 869 1082 worun
888 1021 937 1082 dte
956 1026 1104 1083 Franzen
1120 1022 1233 1083 tanta

183 1111 300 1194 honen.
317 1111 372 1172 Sed
389 1110 573 1191 destrinqera
592 1131 667 1191 pro,
683 1123 862 1190 praetexere,
879 1110 1056 1185 subsuere,
1074 1110 1155 1192 apud
1168 1110 1230 1168 bati

183 1220 240 1258 nos
256 1201 415 1280 scriptores
432 1199 482 1256 vix
496 1200 639 1257 occurrit.
657 1196 774 1256 Deinde
792 1199 902 1257 tunica
919 1197 1026 1258 linteo
1043 1199 1159 1259 Pelusio
1170 1217 1229 1280 pre·

183 1302 261 1349 texta
276 1288 367 1348 fuisse
383 1290 471 1348 nullo
487 1288 581 1347 modo
597 1287 735 1369 putanda
750 1302 811 1360 est3
828 1307 933 1368 quum
950 1289 1006 1349 vel
1024 1310 1043 1349 e
1058 1288 1151 1348 linteo
1160 1285 1227 1345 Pelu-

182 1379 226 1437 sio
245 1377 323 1438 facta
342 1395 433 1454 esset,
447 1378 530 1459 quod
547 1377 613 1437 vult
630 1377 820 1437 doctissimus
838 1379 1026 1460 boettiger.;
1047 1380 1100 1438 vel
1117 1376 1225 1437 atr-'unu

182 1465 277 1525 linteo
293 1481 415 1527 tantum
437 1480 511 1527 esset
532 1469 718 1538 succinctus,
739 1466 825 1525 cirris
838 1467 888 1540 pel
908 1467 1037 1550 inipso
1056 1465 1225 1550 cingulolin

183 1568 248 1628 teo,
270 1557 318 1616 vel
333 1559 366 1617 in
381 1559 443 1617 ima
458 1579 513 1618 ora
528 1559 640 1616 tunirae
655 1556 912 1637 dependentibus.

225 1646 276 1705 Vs.
300 1667 344 1706 ια.
366 1647 453 1708 linteo
470 1645 595 1707 Pelusio.
610 1646 679 1705 vid.
699 1659 807 1705 notam
827 1647 1099 1727 Boettigerianam
1117 1647 1154 1707 ad
1170 1646 1230 1705 br.

185 1735 357 1797 Sehefferns
381 1738 468 1813 vult,
493 1738 661 1797 atriensem
679 1736 717 1795 ad
741 1739 993 1797 ostentationem
1020 1741 1152 1820 pretiosa
1171 1750 1233 1796 reste

186 1827 321 1885 cinctum
336 1828 436 1888 fuisse.
452 1827 507 1887 Sed
522 1847 619 1907 quum
634 1847 741 1886 omnes
756 1825 818 1886 fere
831 1826 938 1886 lintea
954 1841 1062 1889 vestes
1077 1851 1114 1888 ex
1127 1830 1233 1907 egypu

187 1913 396 1989 mitterentur,
409 1930 472 1974 tam
486 1913 620 1987 viliores,
634 1935 728 1993 quarn
741 1914 954 1995 pretiosiores3
973 1937 1035 1976 nec
1051 1915 1191 1975 Phaedrus
1199 1917 1234 1972 in·

187 2000 266 2061 dicet
281 2003 319 2062 de
335 2002 392 2062 lini
410 2003 501 2084 liujus
517 2003 698 2076 subtilitate,
713 2001 760 2062 vel
777 2003 874 2083 pretio
892 2003 1041 2084 aliquid3
1059 2007 1234 2064 Burmannus

187 2096 270 2174 capit
283 2095 386 2174 potius
397 2094 436 2153 de
447 2095 606 2154 communi
620 2095 804 2153 dtriensium
816 2106 845 2151 et
857 2094 1120 2155 ministraturum
1131 2093 1234 2153 ordim-

189 2184 236 2241 rio
249 2184 377 2256 vestitu,
392 2185 462 2244 satis
476 2197 581 2243 tamen
595 2183 714 2243 mundo
726 2185 776 2263 (t).
791 2183 848 2242 Sed
861 2183 927 2242 vid.
941 2188 1097 2266 Boeta'qer.

229 2272 280 2331 Vs.
298 2274 342 2332 13.
355 2276 443 2333 cirrts.
457 2274 536 2333 Cirri
551 2275 673 2355 proprie
686 2272 723 2331 de
734 2272 871 2331 crinibus
884 2272 1235 2352 dicuntur(1.0cten,qe

191 2358 292 2421 locltes
304 2365 412 2442 Haar).
427 2365 498 2423 Non
510 2378 582 2422 sunt
594 2361 753 2436 audiendi,
766 2363 819 2441 qui
832 2360 921 2423 hunc
933 2361 1051 2423 locum
1063 2363 1102 2423 de
1112 2362 1235 2445 plicistu·

190 2448 283 2523 nicae,
298 2463 353 2509 aut
366 2448 404 2510 de
419 2450 681 2533 propendentibus
695 2449 733 2509 ad
748 2448 843 2508 latera
858 2450 1032 2531 utrimque
1042 2450 1151 2510 tuuicae
1163 2448 1234 2506 sinu·

191 2534 248 2593 bus
262 2538 413 2617 accipiant
426 2540 476 2616 (α).
491 2537 650 2597 Prasrhius
663 2559 697 2597 ex
710 2538 858 2596 sententia
870 2538 1025 2617 Pignorii
1040 2539 1162 2597 deserv.
1175 2555 1234 2614 pug-

191 2643 248 2680 νη
271 2645 353 2704 seqq.
378 2638 408 2684 et
429 2626 504 2699 tor,
529 2629 609 2708 capit
633 2627 671 2687 de
694 2628 777 2687 cirris
797 2647 985 2702 comarum,
1013 2623 1230 2709 dependentibus

191 2710 338 2784 atriensi,
355 2726 388 2770 ut
401 2716 518 2772 cirmtos
529 2736 646 2794 pueros,
662 2717 714 2795 qui
730 2718 955 2793 magistrorum
972 2714 1085 2775 scholas
1100 2711 1229 2789 frequen·

191 2797 316 2874 tabant,
331 2817 484 2861 memorat
497 2803 622 2863 lllartial
639 2805 696 2877 lX,
712 2805 767 2885 Ep.
784 2806 821 2863 30
836 2804 887 2881 (3).
906 2802 1001 2862 ldem
1017 2799 1154 2865 statuebat
1164 2798 1232 2854 Bnr·

193 2910 327 2950 mannus
344 2895 374 2950 in
390 2894 532 2952 Editione
545 2899 664 2975 prima,
681 2916 737 2952 nee
757 2915 821 2953 non
837 2892 1027 2967 llichterns,
1042 2887 1235 2974 quibusdein-

194 2976 233 3035 de
251 2979 387 3039 obsecuti
405 2997 478 3041 sunt
495 2984 658 3041 llrotierius
674 2979 729 3058 (4),
746 2978 961 3040 Desbillonius
981 2985 1043 3060 (5),
1059 2980 1097 3040 cl.
1117 2975 1235 3037 Turbae·

192 3063 226 3122 lte
242 3066 292 3144 (li).
309 3068 381 3127 Aliis
395 3073 484 3144 cirri,
502 3071 606 3130 forsan
625 3069 749 3141 melius,
766 3069 914 3127 videntur
931 3088 1002 3128 esse
1020 3067 1165 3138 fimbriae,
1179 3083 1232 3143 quae

192 3155 255 3211 oris
266 3159 405 3214 extremis
417 3161 545 3217 vestium
556 3160 642 3218 adsui
653 3157 798 3217 solebant.
810 3157 916 3232 Quam
925 3158 1120 3218 sententiam
1130 3170 1232 3212 tuentur

193 3240 327 3317 Gudius,
342 3243 506 3306 Salmasius
518 3249 574 3328 (7),
591 3250 802 3320 Burmannus,
818 3244 855 3305 cl.
868 3244 1016 3306 Sclrimch
1029 3248 1086 3325 (8),
1101 3244 1231 3326 quibust)

227 3356 266 3429 (r)
276 3359 335 3410 Vid.
346 3361 454 3414 Salmas.
466 3365 499 3415 ad
510 3365 621 3435 Capitol.
635 3367 696 3415 l'er-
737 3365 800 3435 quit,
807 3364 890 3414 crines
897 3372 922 3413 et
927 3363 1089 3434 pendentes,
1097 3360 1155 3412 cini
1161 3365 1228 3409 sunl-¹

193 3437 239 3485 tin.
251 3456 309 3507 cap.
319 3441 389 3499 Vlll,
400 3461 426 3513 p.
439 3443 504 3513 549,
514 3459 539 3496 et
551 3447 649 3495 Ferrar.
662 3445 695 3496 de
770 3443 810 3515 (6)
826 3446 887 3495 Not.
907 3443 942 3494 ad
960 3462 1024 3495 voc.
1041 3445 1124 3495 cirris.
1141 3437 1231 3490 «culm

193 3514 347 3568 lleVestiar.
359 3517 403 3572 lib.
414 3524 462 3588 lll,
473 3541 530 3594 cap.
543 3523 573 3589 4,
584 3543 650 3596 quos
660 3526 695 3574 ei·
736 3525 778 3577 ille
799 3527 879 3587 servi,
901 3543 985 3595 quem
1005 3539 1033 3577 et
1051 3524 1179 3577 Pelusium
1194 3517 1231 3566 lilt-

194 3605 231 3643 tat
243 3596 328 3647 llarm.
736 3617 807 3656 teum
815 3605 918 3666 innuit,
928 3603 1088 3674 propriede
1096 3598 1231 3654 crinibutln‘

228 3673 267 3745 (a)
286 3678 324 3725 lta
337 3678 463 3746 Begems,
474 3693 539 3733 teste
549 3683 618 3733 Brot.
631 3685 696 3734 Not.
737 3685 816 3754 telligi
826 3684 933 3753 patitur.
943 3682 1231 3755 Dependentibusexut·

195 3753 228 3804 ad
239 3754 337 3806 l'hadr.
351 3775 377 3826 p.
393 3774 400 3806 ι
411 3774 440 3826 17
450 3776 488 3828 sq.
737 3763 860 3835 gligentia
871 3762 994 3815 studium
1005 3761 1137 3814 declarat
1149 3784 1158 3803 ·

229 3833 269 3903 (3)
284 3839 361 3886 sNec
374 3838 493 3887 matutini
507 3841 602 3891 cirrata
616 3855 698 3894 cater·
773 3843 812 3912 (7)
825 3841 865 3892 dd
877 3841 1025 3912 Capitolini
1038 3844 1138 3893 Pertin.
1151 3856 1200 3907 rap-
1210 3833 1233 3885 3·

195 3933 226 3964 sa
238 3918 383 3983 magistris
399 3914 449 3967 vid.
462 3917 529 3967 llrot.
737 3939 797 3992 pag.
813 3919 882 3989 549:
899 3920 962 3970 cirri
976 3920 1081 3973 fimbris
1094 3920 1234 3989 significfflls

230 3992 268 4061 (4)
277 3994 334 4045 Vid.
348 3995 409 4045 Not.
424 3993 457 4047 ad
468 3996 564 4047 Phaedr.
578 4017 605 4068 p.
622 4004 677 4051 118.
739 4020 794 4073 quar
808 4021 856 4071 per
870 4005 997 4053 extimam
1015 4005 1098 4054 vestis
1117 4018 1181 4052 oram
1196 3994 1235 4045 de·

231 4072 269 4143 (5)
284 4075 344 4123 Not.
359 4073 392 4123 ad
408 4073 504 4127 Phndr.
520 4097 546 4148 p.
562 4076 602 4128 25.
621 4102 632 4124 α
643 4079 697 4129 Cri·
737 4080 866 4151 pendent,
876 4080 948 4132 urrde
961 4084 1062 4133 tunicas
1074 4074 1235 4133 caracallae

196 4172 240 4203 nes
253 4152 330 4204 soluti
343 4152 534 4224 dependebant.
549 4157 627 4209 Conl.
640 4157 697 4210 Sal·
739 4158 795 4209 dro.

196 4251 258 4283 inas.
271 4234 302 4285 de
313 4236 390 4286 Coma
400 4253 460 4305 pag.
475 4234 534 4302 349.
546 4236 646 4303 Saluti,
659 4239 697 4288 in·
772 4238 812 4308 (ll)
821 4239 879 4289 Vid.
891 4239 978 4293 Clavis
991 4241 1021 4291 P.
1034 4242 1059 4306 l,
1073 4262 1097 4292 v.
1109 4241 1191 4293 cirats.
1203 4235 1235 4286 Sis
