2820 5018
514 500 630 566 VITA
653 502 866 569 PHAEDRl.
1169 509 1208 573 25

172 642 210 703 rii
223 644 298 730 tall,
325 646 424 704 Roma
449 646 633 718 excessisset,
653 666 825 727 numquam
844 668 912 706 eam
927 650 1093 724 revisurus,
1109 664 1139 710 et
1156 672 1208 733 pe·
1302 656 1315 684 ⁸

171 734 267 792 tiisset
289 734 421 815 Capreas
439 732 590 808 insulam,
605 735 659 794 ubi
680 735 712 794 in
736 737 801 795 otio
822 738 968 818 turpique
991 737 1101 797 inertia
1127 741 1209 798 vive-

171 818 292 883 bat.de
310 822 442 903 imperio
465 842 575 902 parum
597 822 758 897 sollicitus,
779 823 875 883 edidit
895 823 1042 885 Phaedrus
1053 871 1062 900 ,
1074 840 1144 908 post
1156 846 1209 887 an·

170 928 246 968 uum
257 906 372 968 Christi
386 909 498 984 XXW,
511 909 589 970 duos
601 912 717 992 priores
728 910 906 973 fabularum
917 912 1027 987 libros,
1041 916 1072 973 in
1083 915 1209 996 quibus,

171 996 347 1078 conjectura
370 997 543 1080 probabili,
563 1000 738 1074 Tiberium,
763 999 921 1080 sejanum,
948 1002 1085 1083 aliosque
1098 1004 1210 1062 Roma·

170 1108 285 1147 norum
316 1102 454 1168 potentes
484 1103 652 1149 notaverat.
686 1090 757 1165 Quo
791 1111 888 1170 quum
917 1092 949 1149 in
980 1091 1209 1152 acerbissimum

168 1174 301 1233 venisset
313 1174 435 1248 odium,
454 1188 483 1234 et
497 1176 723 1238 conflictaretur
743 1198 813 1237 cum
832 1176 958 1238 fortuna
979 1179 1119 1254 adversa,
1139 1200 1209 1238 eau-

169 1262 230 1321 tior
246 1261 360 1322 deinde
379 1261 490 1337 famus,
509 1262 632 1323 fabulas
646 1265 773 1345 scriptas
792 1264 831 1324 ad
850 1264 1029 1325 leniendum
1048 1265 1208 1341 dolorem,

167 1342 242 1424 juris
253 1349 372 1431 publici
386 1369 451 1409 uon
468 1349 548 1409 fecit.
564 1350 611 1410 Sic
626 1350 816 1431 composuit,
830 1362 864 1411 ut
876 1351 1007 1427 ridetur,
1019 1352 1134 1412 librum
1152 1354 1209 1424 lll,

170 1432 396 1519 dedicavitque,
414 1450 448 1496 ut
469 1439 534 1519 ipse
548 1439 605 1513 ait,
619 1437 733 1500 honori
753 1451 783 1497 et
802 1441 919 1500 meritis
940 1438 1082 1523 Eutychi.
1102 1441 1162 1517 Qui
1185 1443 1209 1501 si

170 1522 248 1583 idem
262 1541 308 1585 est
322 1546 394 1584 curu
415 1524 572 1608 Eutycho,
593 1528 704 1610 opibus
718 1541 748 1586 et
761 1528 858 1606 gratia
878 1527 1006 1588 florente
1021 1531 1053 1588 in
1068 1529 1138 1588 aula
1153 1529 1211 1589 Ca-

168 1609 269 1694 ligulae
282 1613 335 1693 (r),
347 1612 453 1672 tertius
469 1611 647 1673 fabularum
665 1612 743 1674 liber
756 1614 796 1672 ad
810 1611 902 1695 hujus
923 1615 1115 1697 imperatoris
1134 1629 1209 1676 tem-

169 1722 242 1783 pora
256 1700 434 1762 referendus
445 1715 506 1775 est;
518 1702 572 1762 etsi
584 1702 791 1785 Prologumet
803 1703 895 1763 aliam
909 1719 1000 1786 utque
1012 1705 1105 1764 aliam
1117 1702 1209 1785 hujus

168 1788 236 1850 libri
250 1790 407 1865 fabulam,
422 1791 552 1873 exempli
566 1794 664 1873 gratia
677 1792 731 1852 lib.
744 1793 798 1867 lll,
810 1792 863 1852 fab
882 1794 921 1866 ll,
936 1793 1118 1868 Phaedrum,
1131 1795 1209 1855 vivis

169 1876 267 1938 adhuc
280 1879 404 1938 Tiberio
423 1894 452 1938 et
471 1877 598 1958 Sejano,
618 1881 771 1960 scripsisse
789 1900 854 1938 non
874 1881 1059 1959 negaverim.
1081 1881 1210 1939 Verum·

167 1979 268 2024 tamen
283 1979 375 2048 poeta
385 1966 517 2025 voluisse
526 1965 648 2024 videtur
656 1979 692 2024 ut
702 1979 812 2048 prseter
822 1964 998 2047 Eutychum
1011 1988 1029 2023 a
1042 1966 1131 2025 nullo
1147 1966 1209 2026 alio

167 2052 340 2134 legerentur
352 2052 480 2127 fabulae,
501 2069 530 2114 et
552 2053 677 2113 demum
697 2068 768 2136 post
789 2055 885 2136 ipsius
903 2070 1034 2113 mortem
1047 2056 1079 2114 in
1098 2054 1208 2136 vulgus

166 2142 345 2214 ederentur3
367 2142 630 2223 quemadmodum
654 2163 746 2225 snpra
769 2143 903 2202 vidimus
926 2165 943 2202 e
965 2142 1046 2202 ero-1.
1071 2142 1125 2201 lib.
1149 2144 1209 2217 lll,

166 2250 234 2310 29...
248 2231 299 2302 32,
307 2243 463 2311 praeeunte
474 2229 679 2289 liesbillonio.
690 2230 777 2290 Duos
791 2231 973 2310 posteriores
985 2228 1162 2288 fabularum
1173 2229 1210 2288 li·

163 2318 247 2393 bros,
259 2339 339 2400 quos
351 2317 655 2378 dedicavitPhaedrus
668 2317 859 2378 Particuloni
869 2330 899 2375 et
908 2315 1040 2393 Phileto,
1053 2317 1209 2377 fuissesub

161 2405 297 2467 Claudio
309 2406 452 2487 scriptos,
466 2404 556 2465 fa'cile
569 2404 760 2464 crediderim.
774 2404 928 2464 Convenit
941 2406 1024 2464 enirn
1046 2404 1118 2466 huic
1133 2420 1209 2465 tern-

159 2495 250 2577 pori,
262 2508 299 2551 ut
317 2494 359 2552 ait
370 2493 618 2571 Canuegieterus,
634 2492 816 2550 libertorum
829 2492 977 2574 potentia.
992 2492 1144 2552 Videntur
1156 2513 1211 2552 au-

158 2596 224 2641 tem
238 2601 310 2639 cum
324 2577 489 2653 Particulo,
502 2592 569 2638 tum
581 2578 730 2653 Philetus,
742 2576 828 2658 cujus
838 2580 980 2638 meminit
989 2578 1044 2638 lib.
1056 2580 1084 2636 V
1093 2578 1156 2639 fab.
1171 2581 1208 2651 X,

161 2691 210 2744 ιο,
223 2667 349 2727 Claudii
360 2666 451 2727 fuisse
463 2667 574 2728 liberti.
592 2668 731 2748 Namque
746 2668 827 2748 apud
843 2669 1010 2727 Gruterum
1026 2670 1065 2745 (a)
1078 2669 1209 2727 occurrit

160 2756 230 2817 Tib.
243 2754 346 2816 Claud.
359 2753 496 2829 Philetus,
515 2769 545 2814 et
563 2755 625 2814 alio
638 2755 707 2814 loeo
722 2756 763 2833 (3)
776 2752 904 2814 Philetus
924 2754 1039 2813 libertus
1055 2756 1086 2813 in
1106 2754 1208 2836 lapide

158 2846 328 2918 Brixiensi3
347 2844 473 2904 Veletris
496 2857 598 2905 erstem
621 2846 654 2903 in
680 2844 857 2926 pavimento
874 2844 1004 2904 ecclesiae
1026 2842 1207 2903 cathedralis

158 2933 276 3016 legitur
294 2931 356 2991 Tib.
369 2933 410 2992 Cl.
426 2932 554 2993 Philetus
565 2931 669 3011 lih.(d).
678 2931 735 2991 Sed
750 2933 800 2990 vix
812 2932 1021 2991 dubitandum
1034 2933 1132 2991 libros
1145 2953 1207 2991 me·

158 3036 301 3084 moratos
314 3042 379 3080 non
400 3023 459 3081 nisi
480 3036 550 3104 post
568 3020 688 3081 Phaedri
704 3022 819 3080 exitum
835 3020 934 3080 lucem
954 3021 1132 3103 adspexisse.
1153 3022 1208 3080 hc-

158 3124 250 3194 cepta
268 3111 354 3170 euim
372 3124 486 3170 tantae
501 3109 615 3169 fabulis
627 3109 817 3183 calamitate,
837 3130 877 3168 an
890 3108 1035 3169 credibile
1057 3125 1100 3169 est
1119 3107 1207 3167 Phre-

158 3200 271 3275 drum,
292 3212 339 3258 tot
361 3221 513 3260 aerumnas
536 3220 729 3282 perpessum,
752 3200 791 3260 de
816 3198 931 3265 labidis
955 3199 1059 3259 denuo
1080 3199 1208 3259 edendis

158 3286 432 3369 cogitarissciimo
447 3289 626 3363 vero,0mni
637 3288 784 3347 liberatus
796 3287 949 3369 periculo,
965 3285 1043 3346 nihil
1059 3289 1143 3368 prius
1151 3286 1206 3345 ha-

158 3377 275 3451 buerit,
288 3375 367 3436 nihil
383 3379 539 3457 antiquius
551 3398 646 3459 quam
659 3378 735 3437 utin
745 3376 827 3436 dulei
841 3389 1069 3437 consenesceret
1081 3376 1145 3436 otio
1157 3376 1206 3456 (5).

201 3464 338 3541 Quando
350 3467 413 3525 vita
431 3468 586 3527 excesserit
599 3465 763 3538 Phaedrus,
778 3486 843 3524 non
857 3463 961 3546 liquet.
978 3465 1039 3541 Qui
1062 3485 1133 3524 vero
1153 3466 1207 3523 etsi

158 3554 202 3612 ad
214 3573 369 3611 summam
383 3568 567 3614 senectutem
586 3555 694 3613 vixisse
705 3552 835 3625 videtur,
852 3568 887 3613 ut
905 3574 921 3611 e
938 3552 1099 3612 nonnullis
1115 3552 1207 3612 fabu-

158 3639 265 3702 larum
288 3640 377 3716 locis,
399 3642 432 3701 in
454 3644 566 3723 quibus
581 3643 742 3704 senectutis
762 3663 825 3702 suae
844 3644 1034 3702 mentionem
1055 3642 1129 3702 facit
1146 3643 1207 3721 (6),

200 3800 238 3873 (ι)
248 3801 404 3873 Josephusl.
417 3820 438 3852 c.
450 3801 580 3855 Christian
589 3803 664 3855 Ware
742 3801 781 3872 (4)
794 3801 852 3854 Vid.
872 3804 934 3856 Not.
957 3802 1034 3854 Gudii
1054 3802 1087 3853 ad
1108 3800 1208 3855 rhodi

159 3880 233 3935 libr.
244 3883 407 3948 deSenario,
416 3903 443 3955 p.
455 3884 622 3947 323Fabricii
634 3888 661 3936 B.
707 3886 751 3940 lib.
759 3890 792 3955 V,
802 3888 830 3939 F.
841 3889 878 3954 X,
892 3904 936 3953 ro,
948 3886 1007 3955 coll.
1020 3887 1088 3938 infra
1097 3886 1158 3938 Not.
1173 3886 1206 3937 ad

162 3959 197 4012 1.
207 3976 266 4014 tour.
279 3965 313 4025 ll,
325 3983 350 4034 p.
363 3963 396 4029 24
406 3978 431 4013 et
443 3964 484 4014 26.
494 3965 534 4016 De
544 3963 662 4037 Eutycho
706 3969 757 4022 loc.
769 3973 812 4022 cit.

160 4040 248 4095 fusius
256 4045 296 4113 egi
306 4046 333 4094 in
342 4045 403 4094 Ere.
415 4046 439 4107 l,
450 4043 484 4095 ad
493 4046 521 4096 L.
533 4047 573 4096 lll.
741 4048 941 4120 (5)Desbillonii
949 4052 1022 4121 Disp.
1032 4049 1066 4102 cle
1073 4050 1132 4100 Vita
1138 4046 1207 4098 1¹11ae-

203 4123 238 4194 (r)
255 4126 357 4195 Corpus
377 4128 577 4197 lnseriptionuur
599 4147 659 4200 pag.
706 4129 759 4193 dri,
770 4148 797 4198 p.
809 4146 853 4180 rur.

166 4215 297 4266 muru,
311 4221 334 4254 a.
742 4206 781 4276 (6)
788 4209 963 4261 liucmaxime
970 4206 1138 4260 referuntriri
1145 4202 1208 4254 doc-

205 4280 558 4355 (dirumpemur.
708 4284 902 4352 rilib.V,F.x.
