2820 5018
397 463 490 530 LlB.
516 467 568 545 ll,
594 467 688 531 ΓΑΒ.
713 460 753 533 V.
1035 471 1099 552 465

55 595 130 669 Non
143 607 285 672 multum
296 609 406 696 egisti,
421 626 454 674 et
465 630 566 697 opera
577 607 804 704 nequidquam
815 613 915 700 perlt3

54 710 165 776 Multo
177 716 308 804 majoris
320 714 422 803 alapae
434 736 565 778 mecum
577 731 734 781 veneunt.
1069 732 1101 783 25

55 922 99 966 rio.
112 923 186 966 Etiam
197 920 351 969 Desbillonius
362 928 450 986 recepit
459 936 532 971 tantu
541 948 573 960 ·-
583 923 620 981 al.
632 924 713 985 Rigalt.
724 937 748 969 et
759 923 835 971 Faber
844 924 869 971 b.
880 940 904 969 r.
916 926 1031 973 omlttnnt.
1043 926 1104 987 Qui-

56 988 102 1034 bus
113 994 207 1037 assentit
216 991 285 1037 Kolil.
295 993 426 1040 Comment.
437 995 488 1039 erit.
498 1009 522 1055 p.
536 1006 592 1048 tta,
601 993 704 1040 scribens
713 1009 719 1039 τ
729 991 803 1040 multo
814 996 948 1041 concinnius
957 1005 1027 1058 atque
1036 1011 1105 1058 argu·

56 1061 103 1105 tius
115 1063 162 1106 sine
172 1061 299 1122 penultimo
311 1061 356 1108 boc
367 1080 437 1110 versu
448 1063 569 1110 clauditur.
581 1064 693 1127 Equidem
703 1062 812 1110 Koblium
823 1077 886 1111 reete
898 1076 999 1112 statuere
1008 1078 1108 1128 potaro-

56 1129 115 1182 rim;
126 1131 167 1175 etsi
177 1146 269 1177 versum
280 1132 382 1192 abjicere
396 1150 442 1179 non
454 1134 561 1180 audeant.
574 1135 627 1179 Non
642 1133 746 1180 multum.
759 1133 897 1180 Neveletus:
909 1148 950 1180 mc
959 1132 1064 1181 multum.
1074 1158 1107 1175 ι-

57 1203 218 1266 nequidquam.
229 1206 255 1249 ln
266 1205 313 1251 MS.
326 1205 385 1251 Pitlt.
399 1218 434 1252 est
444 1209 590 1269 nequiquam.
601 1208 637 1252 Sic
647 1206 690 1268 legi
703 1205 783 1252 volunt
794 1208 887 1268 Sei'opp.
899 1206 960 1252 Gud.
971 1205 1071 1268 (tiphon.
1081 1210 1108 1256 its

57 1273 109 1318 lnd.
123 1276 214 1322 Lueret.
226 1302 257 1313 —
267 1280 333 1339 perit.
345 1277 381 1324 Al.
392 1281 471 1340 penit,
482 1280 547 1341 quod
557 1291 582 1325 ut
592 1279 741 1341 dissyllabum
752 1279 882 1340 legendum.
892 1305 923 1315 -
934 1278 971 1324 25.
983 1280 1009 1324 ln
1020 1279 1106 1328 Codice

58 1343 139 1389 Pitboei
149 1344 244 1407 legitur:
256 1345 332 1394 Multo
340 1362 436 1411 tnejoees
444 1346 518 1412 alapa
528 1364 614 1394 mecum
623 1358 745 1402 venerum,
756 1349 802 1393 vid.
816 1349 877 1393 Gud.
888 1351 964 1410 Atque
978 1351 1046 1395 etiam
1056 1350 1106 1396 aa·

57 1417 129 1463 derna
140 1417 170 1461 ad
182 1417 280 1464 Martial.
292 1416 549 1482 11,6,1egismajms,
561 1431 620 1465 teste
632 1421 774 1464 Burmanno.
787 1417 895 1478 Rigaltius
906 1434 1002 1480 quoque
1016 1422 1108 1484 majoris

57 1487 213 1535 areimismuru
223 1499 288 1548 putat
299 1504 362 1542 esse,
373 1505 429 1550 pro,
439 1493 542 1553 majores.
552 1515 583 1525 -
592 1505 687 1535 mecam.
699 1489 850 1534 Heumannus
861 1490 889 1533 N.
903 1490 928 1533 B.
938 1492 963 1535 P.
973 1490 1071 1547 xxvn,
1081 1505 1105 1554 p.

57 1555 119 1618 609,
130 1558 223 1617 conjicit
234 1574 239 1602 :
251 1558 321 1604 multo
331 1561 421 1620 majoris
430 1559 504 1623 alapa
513 1558 617 1605 berorum
626 1567 735 1613 taeneunt3
745 1574 818 1620 quum
829 1572 916 1603 mecum
924 1572 972 1605 non
981 1560 1036 1606 satis
1044 1572 1109 1606 recte

60 1629 169 1690 explicari
181 1632 252 1691 possit
261 1631 324 1694 apud
334 1646 376 1676 me.
388 1633 439 1678 lloe
448 1648 517 1677 sensu
527 1633 588 1676 enim
596 1632 673 1692 potius
682 1630 774 1676 dixisset
783 1629 856 1692 aiopoe
865 1646 927 1676 mea·
937 1630 982 1676 Sed
990 1630 1039 1676 sid.
1051 1632 1107 1678 Not.

59 1700 169 1745 Heinsius
180 1698 284 1758 legebat,
298 1704 330 1745 mi
339 1717 391 1746 cum
402 1711 510 1757 veneant,=
524 1705 555 1746 nti
562 1717 606 1764 pro
622 1700 677 1746 milti
684 1703 733 1763 ipse
747 1699 816 1746 babet
827 1699 937 1746 Pltadrus
947 1698 988 1746 lib.
999 1701 1046 1756 111,
1059 1699 1107 1746 fab.

59 1770 149 1824 xt‘ttt,
164 1787 191 1829 9,
206 1774 281 1815 venire
292 1786 345 1817 eunt
357 1773 424 1817 tertio
439 1787 492 1817 casu
504 1773 624 1833 usurpavit
635 1774 692 1817 Cato
703 1771 733 1816 de
746 1773 771 1816 ll.
787 1772 813 1815 ll.
828 1785 878 1830 cap.
893 1767 948 1824 ild,
960 1778 1002 1815 aut
1010 1771 1050 1815 cui
1060 1767 1111 1817 olea

61 1843 168 1890 venierit:
179 1842 220 1886 sed
233 1854 308 1888 tamen
320 1844 400 1889 Codiei
411 1860 454 1889 suo
464 1844 598 1905 adscripsit,
610 1859 678 1905 posse
690 1844 783 1888 retineri
796 1840 950 1887 meeum.Vid.
964 1841 998 1902 nj.
1011 1842 1054 1902 Ep.
1064 1839 1109 1903 98,
1126 1894 1128 1898 Ι

62 1912 92 1958 sd
101 1910 214 1957 Sclteller.
226 1913 249 1958 iu
259 1911 311 1975 Syll.
323 1915 382 1975 Epp.
394 1925 451 1959 tom.
460 1913 490 1970 V,
502 1928 526 1974 p.
543 1912 593 1970 ιο4,
604 1912 656 1959 coll.
670 1915 711 1975 Ep.
726 1912 789 1967 XXl,
799 1928 822 1974 p.
834 1910 872 1958 33.

61 2083 105 2149 lae,
120 2100 175 2154 quse
185 2081 253 2135 tituli
264 2084 353 2136 locum
363 2086 498 2153 obtinent,
509 2106 566 2138 mea
607 2088 806 2158 interpretatur:
816 2087 871 2150 Tu,
885 2085 931 2156 qui
939 2082 1033 2134 rideris
1042 2082 1110 2135 mul·

56 2165 172 2232 paruitas
183 2164 289 2216 Valerio
300 2166 430 2232 Maximo,
444 2185 500 2216 mea
513 2185 568 2217 me-
607 2179 663 2217 tum
678 2166 760 2235 egisse
774 2165 821 2235 (ul
835 2163 981 2217 ardeliones
995 2165 1021 2212 in
1035 2163 1110 2215 initia

62 2244 182 2295 dioniius
196 2242 311 2308 Velleio,
328 2255 413 2296 nostra
429 2242 568 2317 infirmitat
607 2241 1112 2315 fabulaedicunturmultaaqendont'ltil

64 2321 227 2389 Quintiliano
243 2337 268 2375 et
282 2323 338 2375 aliis
351 2325 503 2395 frequenter
516 2324 567 2375 usi·
608 2325 713 2399 aqere),
722 2343 810 2377 revera
819 2321 883 2375 nihil
893 2323 980 2392 egisti,
993 2336 1018 2373 et
1029 2340 1112 2393 opera

63 2402 212 2472 toricoeptte
222 2414 282 2453 sunt
292 2424 298 2452 :
309 2403 344 2454 ita
353 2421 459 2473 quoque
468 2414 511 2454 nu
518 2402 568 2453 cle·
607 2404 662 2471 illa,
669 2403 872 2476 conspergenda
879 2402 962 2453 burno
969 2404 1111 2473 insumpta,

63 2481 177 2545 mentia,
193 2479 359 2546 excellentia,
379 2483 498 2552 majestat
516 2499 567 2532 eoe·
608 2504 687 2556 ipsam
704 2499 733 2536 tu
752 2504 801 2555 pro
819 2483 870 2536 alin
890 2482 975 2548 subis,
993 2501 1043 2534 nec
1060 2501 1111 2556 pro

64 2564 103 2634 pit
122 2574 213 2631 postea
230 2561 403 2631 frequentati,
423 2575 450 2612 ut
467 2560 568 2614 erudite
607 2564 697 2616 officio
707 2563 801 2629 debes,
815 2561 917 2635 perdita
928 2562 976 2613 tibi
986 2575 1038 2625 est;
1052 2579 1111 2634 spe·

63 2655 193 2695 monstrat
203 2644 379 2707 llurmannus,
391 2640 501 2693 laudans
512 2644 569 2693 Bar·
608 2645 683 2709 rasti,
705 2664 747 2696 me
768 2643 923 2695 liberalitate
942 2642 1044 2713 allqua,
1065 2657 1111 2696 aut

64 2722 113 2773 thii
133 2722 198 2772 Adv.
221 2721 265 2772 lib.
285 2723 381 2787 xxm,
401 2739 433 2790 9,
453 2736 479 2773 et
499 2724 568 2774 viros
608 2724 677 2774 forte
686 2724 891 2774 manumissione
899 2721 1057 2773 donaturum
1070 2736 1109 2787 te,

63 2801 159 2853 doctos
174 2799 208 2851 ad
220 2799 277 2849 Vel.
291 2800 360 2850 Max.
376 2800 448 2851 Praei.
464 2800 514 2851 Sed
526 2802 568 2852 vix
610 2801 718 2853 sednon
728 2815 782 2853 tarn
792 2799 836 2852 vili
847 2819 895 2872 pro
906 2818 987 2871 opera
998 2798 1112 2853 vendere

65 2879 204 2937 credibile,
217 2882 271 2948 jam
285 2892 402 2949 tempore
416 2879 516 2931 l‘baedri
527 2895 569 2933 ta·
608 2877 741 2931 libertates
762 2878 849 2944 soleo,
869 2896 915 2929 seu
938 2891 967 2928 ut
985 2880 1112 2948 expressit

63 2963 118 3014 lein
137 2961 246 3009 formam
266 2959 353 3007 inveni
371 2969 485 3027 coeptam
503 2976 566 3010 esse.
608 2956 1057 3027 Desbillonius,manumissioapud
1069 2978 1111 3011 tna

64 3046 137 3095 Bene
145 3040 222 3090 etiarn
231 3036 569 3088 moneswalchiustormu-
610 3038 729 3108 majoris,
746 3055 792 3087 seu
811 3037 904 3106 majori
919 3037 1003 3106 pretio
1022 3036 1111 3088 vendi·

65 3123 118 3174 lam
132 3115 269 3188 loquendi,
286 3117 427 3184 ssnajestas
441 3116 507 3166 tanti
518 3115 569 3166 du·
610 3132 659 3170 tar.
678 3148 715 3158 -
733 3135 810 3186 opera
832 3117 1008 3190 nequidquam
1025 3117 1109 3190 perit,

64 3206 103 3257 cis
111 3204 201 3272 jocata
215 3211 267 3260 est,
277 3218 288 3240 r
306 3214 361 3246 esse
375 3197 508 3260 Latinam,
521 3213 570 3248 nec
609 3197 705 3247 frustra
720 3192 836 3245 adhibita
848 3207 900 3259 est,
914 3195 986 3244 irn'ta
1004 3209 1050 3246 est.
1066 3195 1111 3247 ci·

66 3301 127 3335 eum
141 3277 205 3341 illis,
220 3274 387 3326 mansuetudo
403 3286 460 3336 tua,
480 3275 571 3325 sancti·
609 3294 671 3326 cero
681 3275 736 3348 'etsi
757 3272 808 3323 alio
829 3291 924 3339 sensu,
940 3273 1058 3344 Epistola
1076 3275 1111 3327 ad

67 3377 105 3416 sas
115 3374 158 3413 tua
167 3376 246 3430 posse
256 3355 416 3425 comparari;
428 3353 476 3404 etsi
488 3354 521 3405 ad
530 3373 570 3405 ra-
610 3354 719 3404 Brutum
740 3351 787 3415 16,
808 3364 868 3402 ante
885 3351 953 3402 med.
976 3375 987 3399 n
1000 3354 1111 3425 nequid·

65 3443 148 3493 riores
168 3437 298 3509 pertineat
318 3432 363 3502 (in
385 3433 458 3502 poesi
482 3445 570 3484 tamen
611 3453 689 3505 quam
714 3435 820 3504 perierit
843 3431 895 3484 ille.
914 3456 925 3478 n
950 3464 987 3474 -
1008 3439 1112 3507 majoris

67 3521 229 3580 usitatiores,
242 3533 319 3586 quam
334 3515 361 3563 iu
375 3513 479 3583 prosa).
495 3511 569 3563 Albi·
610 3528 649 3566 est
670 3515 813 3585 genitivus,
834 3515 930 3565 omisso
947 3514 1109 3573 substantivo

67 3620 131 3666 nus,
149 3597 265 3651 Gallicus
277 3596 417 3665 interpres,
436 3591 567 3644 reddidit:
608 3594 696 3666 pretii.
719 3593 832 3645 Minoris
854 3593 940 3645 venire
963 3594 1027 3646 dixit
1051 3600 1110 3652 Val.

67 3693 132 3735 cette
146 3680 222 3731 haute
237 3674 355 3748 majest6,·
371 3692 428 3726 earn
445 3671 480 3723 ob
493 3691 570 3725 caus·
609 3676 679 3725 Max.
695 3674 742 3738 Ill,
752 3688 804 3737 vn,
822 3689 867 3738 10,
882 3685 947 3725 teste
961 3675 1110 3731 Burmanno

69 3781 127 3816 sant
146 3773 250 3811 notatus
270 3776 285 3808 a
303 3758 467 3816 Burmann,
489 3774 571 3826 quum
609 3757 664 3808 Cic.
683 3755 738 3808 oft.
758 3752 803 3804 lib.
820 3755 869 3812 lll,
889 3773 913 3805 e.
937 3772 983 3806 12:
1003 3759 1111 3813 «vendo

68 3839 177 3898 Phaedro
185 3860 215 3891 ea
224 3859 279 3890 non
288 3838 366 3889 fuerit
376 3854 457 3887 mens.
467 3835 568 3888 Sattler.
611 3853 697 3886 meum
705 3852 759 3884 uon
766 3832 862 3904 pluris,
873 3853 950 3904 quant
959 3837 1050 3901 ceteri,
1061 3839 1112 3890 for·

69 3926 143 3977 dattu
163 3921 207 3971 liat
226 3921 267 3972 des
282 3919 384 3970 Kaisert
403 3918 524 3989 lllajestiit
542 3919 571 3969 in
612 3928 679 3965 tasse
698 3916 776 3965 etiam
799 3914 935 3963 minoris·
958 3943 994 3953 -
1015 3914 1110 3986 alapa.

68 4003 164 4059 Schera
176 4011 270 4074 qesaqt.
287 3998 414 4069 Equidem
427 4013 569 4050 verterem:
611 3993 748 4045 Sollemnis
757 4009 844 4043 servos
851 3992 1050 4044 manumittendi
1060 4015 1112 4046 rno-

69 4089 105 4140 da
119 4094 189 4155 saqte
201 4081 246 4132 der
255 4080 380 4131 erbabene
390 4081 483 4132 Kaiser
491 4079 573 4132 seber·
612 4072 661 4124 dus
670 4085 725 4124 erat
733 4070 900 4122 manumissio
907 4090 955 4141 per
961 4070 1110 4128 vindictam.

69 4162 145 4218 gend,
612 4152 754 4214 Dominus,
772 4151 818 4218 qui
834 4168 883 4219 per
902 4149 1041 4201 vindictam
1060 4168 1113 4201 ser.

107 4240 142 4306 al
152 4258 190 4312 sq.
206 4239 367 4293 Burmannus
376 4238 413 4292 ita
424 4235 474 4290 bos
484 4253 572 4290 versus
613 4249 674 4284 turn
683 4247 759 4281 snum
771 4247 786 4281 a
796 4229 917 4280 servitute
928 4227 1033 4281 liberari
1042 4228 1113 4283 vols.

144 4347 165 4385 q,
926 4317 961 4371 30
