2820 5018
382 424 793 546 msr'ursmoms
1043 485 1098 553 nt

48 608 328 694 praecellentissimi
345 614 493 674 Fontauoe
509 612 650 690 fabellas,
669 613 791 698 alisque
804 616 962 679 uariarum
978 632 1109 683 oetatum

50 719 126 759 non
142 700 395 761 inconvenientia
410 715 613 763 monumenta
627 703 750 786 adjecit,
766 725 835 787 quse
849 705 999 770 fastidiosi
1012 711 1112 772 etiam

51 789 191 851 lectoris
204 790 410 852 cur'msitatem
423 792 553 853 excitare
570 795 697 875 possim.
717 794 873 855 Utendum
891 794 1002 867 hahuit
1015 800 1055 859 ab
1065 799 1105 885 il:
1147 861 1150 865 ,
1206 821 1209 828 ·

53 879 243 941 lustrissimo
261 882 303 943 1ae
319 879 453 943 Pelletier
467 881 503 942 de
517 882 665 959 Rosuubo,
684 884 810 945 Senatus
830 887 1006 948 Parisiensis
1025 884 1113 950 Prae-2
1164 880 1174 899 ⁴

52 966 138 1043 side,
149 967 346 1030 Pithoeanum
355 970 513 1046 Codicem,
523 970 676 1054 simulque
687 974 786 1034 varias
797 973 941 1036 lectiones
952 992 1112 1060 excerptas.

53 1077 74 1118 e
97 1056 212 1119 Codice
231 1060 388 1137 Remensi,
409 1075 577 1143 autequam
596 1062 741 1124 incendio
764 1062 815 1123 ille
838 1066 991 1147 periisset:
1015 1081 1113 1150 atque

54 1145 197 1230 prudeus
221 1160 251 1208 et
274 1149 361 1210 omui
387 1170 484 1231 prava
508 1148 696 1211 emendandi
716 1150 847 1212 libidine
871 1153 989 1215 solutus
1012 1156 1111 1216 verba

56 1232 198 1310 Pbsedri,
224 1235 329 1317 qualia
354 1237 398 1297 ibi
424 1236 621 1312 exhibentur,
644 1240 775 1300 retinere
796 1240 928 1318 studuit,
951 1257 1106 1325 quantum

55 1335 165 1384 umen
179 1344 253 1385 sana
267 1328 346 1388 ratio
362 1327 500 1410 bonique
513 1328 619 1389 Critici
633 1327 773 1389 officium
788 1333 981 1413 permittunt

99 1414 192 1475 Anno
212 1414 345 1497 denique
368 1416 442 1500 1784
463 1419 587 1500 Biponti
611 1418 727 1501 prodiit
751 1420 831 1481 in-8⁰
852 1420 1013 1499 Phaedrus,
1034 1443 1110 1484 cum.
1158 1432 1163 1455 ¹

58 1504 95 1564 Ρ.
107 1504 176 1586 Syri
190 1507 363 1581 sententiis,
377 1507 548 1588 Avianique
561 1520 592 1569 et
605 1508 762 1590 Anonymi
776 1510 885 1570 veteris
899 1511 1019 1574 fabulis.
1031 1512 1116 1573 Nul·.

57 1595 98 1657 lc
118 1594 251 1656 omniuo
272 1594 319 1656 his
339 1596 483 1657 omnibus
503 1598 676 1657 notationes
698 1597 745 1658 vel
767 1599 995 1681 explanationes
1012 1601 1106 1685 subji-

57 1685 196 1744 ciuntur.
215 1685 311 1745 Docet
327 1706 384 1745 nos
401 1697 525 1745 tantum
544 1687 607 1745 sive
623 1685 863 1769 Typographus,
884 1691 946 1750 sive
963 1690 1107 1752 editionis

57 1771 242 1853 dispositor,
256 1785 399 1855 rogatum
413 1793 476 1832 esse
489 1773 527 1832 G.
541 1774 576 1832 C.
593 1773 760 1849 Crollium,
774 1788 809 1835 ut
822 1776 971 1857 quasdam
986 1777 1107 1838 Phaedri

55 1859 183 1924 fabulas
200 1863 283 1922 notis
301 1861 454 1922 illustrare
471 1860 577 1934 vellet;
597 1861 649 1921 sed
667 1861 728 1922 boc
745 1865 803 1946 ipsi
824 1864 912 1925 rebus
931 1866 999 1926 aliis
1018 1887 1117 1927 occu«

55 1964 136 2038 peto
147 1970 213 2013 non
225 1950 360 2013 licuisse:
376 1965 541 2012 monemur
552 1964 671 2026 tamen,
682 1951 747 2012 loca
758 1953 916 2034 quaedam,
929 1956 996 2038 ipso
1008 1977 1109 2017 emen·

56 2042 169 2114 dante,
185 2040 274 2100 aliter
285 2039 436 2116 exhiberi,
450 2061 486 2100 ac
500 2040 532 2099 in
551 2039 738 2100 editionibus
753 2040 820 2101 aliis
835 2042 981 2103 omnibus
999 2043 1112 2124 legum.

55 2145 121 2194 tur.
146 2129 214 2190 Lib.
235 2132 264 2204 l,
283 2131 315 2190 1¹¹.
331 2130 415 2204 xxi,
436 2150 465 2190 v.
486 2149 520 2209 9,
539 2150 616 2211 pro:
629 2129 760 2212 flantem
780 2133 894 2204 exterit,
917 2129 963 2191 uel
983 2130 1109 2207 extudit3

58 2222 232 2306 repositum
250 2219 456 2303 est2fruntem
476 2221 591 2279 excutit.
610 2217 702 2294 Quod
722 2216 808 2279 mihi.
821 2222 893 2281 satis
914 2219 1026 2303 placet,
1048 2223 1114 2282 nisi

57 2312 146 2397 quod
163 2310 259 2395 paulo
277 2307 499 2391 significantius
518 2309 641 2369 videtur
661 2308 788 2368 verbum
808 2312 933 2384 excutit5
952 2309 1004 2372 hic
1024 2312 1113 2372 euim
1227 2330 1230 2335 ·

59 2405 144 2467 idem
158 2414 249 2479 esset,
270 2420 305 2462 ac
321 2401 408 2475 eruit,
426 2397 476 2458 vel
494 2395 600 2458 avellit.
620 2397 687 2458 Lib.
701 2398 744 2471 ll,
765 2400 929 2475 F.V11,v.
947 2401 975 2460 8.
989 2399 1108 2461 Mutum

59 2493 235 2556 mmm:
255 2491 345 2550 Hanc
362 2487 525 2549 lectionem
544 2486 617 2548 olim
636 2487 895 2568 excogitaveram
918 2509 984 2550 nou
1003 2502 1115 2549 tamen
1159 2540 1161 2545 .

59 2604 154 2645 ausus
172 2601 242 2642 sum
260 2579 433 2652 admittere,
449 2577 523 2659 quia
534 2577 560 2636 si
574 2575 683 2638 ductus
697 2574 871 2638 litterarum
884 2577 1111 2655 consideretur,

60 2691 129 2733 non
142 2669 242 2750 magis
256 2664 372 2727 accedit
390 2664 428 2724 ad
450 2663 608 2738 trucident,
629 2662 713 2746 quod
732 2662 847 2726 babent
867 2667 947 2727 MSS.
967 2667 1108 2742 Codices,

59 2779 160 2843 quam
168 2759 314 2829 minant,
323 2753 408 2836 quod
418 2753 570 2836 pleraque
580 2753 728 2813 editiones
741 2770 929 2837 receperunt.
942 2758 1027 2817 luter
1037 2755 1113 2831 alia,

58 2868 133 2932 quae
154 2845 310 2928 quoddam
328 2845 549 2905 Litteratorum
570 2864 667 2924 genus
688 2843 797 2925 juvare
817 2846 953 2926 possint,
976 2845 1112 2905 indicem

58 2937 237 2999 editionum
251 2932 371 2994 Phaedri
383 2933 594 3016 plenissimum
610 2930 740 2992 libenter
753 2932 1024 2992 commemorabo:
1043 2951 1110 2991 mo-

61 3024 148 3087 nebo
160 3034 278 3097 tameu,
292 3042 357 3082 non
372 3020 512 3081 debuisse
525 3017 573 3078 his
585 3018 771 3079 editionibus
784 3018 983 3078 annumerari
998 3016 1112 3099 Apolo«

61 3135 116 3198 gos
130 3110 303 3187 Pliaedrios,
315 3113 380 3171 Jac.
394 3109 551 3191 Regnerii,
567 3129 652 3168 anno
671 3106 759 3183 1643,
774 3127 840 3169 non
852 3107 944 3181 in-80,
959 3106 1009 3166 sed
1024 3108 1111 3166 imm

61 3202 197 3263 Divioue
215 3199 328 3274 editos,
348 3200 381 3258 in
400 3197 512 3279 quibus
531 3195 672 3256 videlicet
690 3193 768 3254 nihil
790 3193 921 3252 omnino
941 3194 1112 3270 invenitur,

61 3288 150 3374 qnod
172 3286 212 3347 ud
232 3286 353 3347 fabulas
374 3285 494 3346 Phaedri
516 3284 684 3367 pertineat:
707 3293 737 3341 at
760 3281 852 3341 simul
874 3300 1009 3340 errorem
1030 3278 1113 3343 hunc
1166 3327 1176 3353 ,

61 3375 212 3440 facillime
225 3375 388 3449 excusabo,
401 3375 515 3457 quippe
526 3373 579 3454 qui
594 3369 769 3431 communis
780 3381 838 3443 est,
849 3382 878 3428 et
889 3367 954 3450 jam
970 3367 1009 3428 cb
1023 3370 1113 3430 anuis

59 3464 183 3526 circiter
195 3462 399 3546 quadraginta
411 3465 443 3522 in
457 3462 617 3536 omnibus,
626 3481 705 3543 quos
716 3458 795 3534 vidi,
807 3458 980 3518 editionum
991 3456 1113 3520 Phaedri

60 3552 220 3615 iudicibus
238 3552 451 3634 pervulgatus(
471 3534 510 3630 ).1

101 3643 209 3702 Restat
220 3654 254 3703 ut
266 3643 418 3701 rationem
429 3640 561 3701 breviter
571 3661 739 3723 exponam,
752 3658 814 3720 qua
826 3659 927 3699 meam
937 3634 1018 3697 banc
1030 3635 1114 3697 Pha·

60 3730 111 3792 dri
126 3727 302 3794 editionem.
311 3731 528 3792 accusaverim.
548 3732 626 3791 Ante
644 3730 755 3789 omnia
769 3727 960 3809 diligentiam
980 3739 1010 3785 et
1030 3724 1114 3785 labo·

59 3840 131 3882 rem
152 3819 186 3878 in
206 3837 243 3878 eo
262 3819 367 3901 posui,
387 3833 420 3879 ut
442 3820 654 3900 cognitionem
672 3818 894 3901 exemplarium
912 3814 1067 3875 Pitboeani
1085 3825 1115 3874 et

97 4030 325 4104 (1)Pardpologi
332 4030 574 4104 Pbredrii,llequier
611 4030 676 4083 dans
693 4050 728 4082 un
748 4029 790 4082 des
810 4025 924 4080 volume:
941 4023 975 4074 du
993 4020 1114 4091 'Magasin

61 4113 185 4168 entend:
203 4113 297 4167 Fables
314 4113 382 4169 dans.
397 4114 422 4167 le
440 4133 520 4187 genre
539 4114 572 4166 de
611 4096 1116 4183 Encyclopddique.(Notedelll.ddry.)

61 4194 145 4250 celles
154 4193 189 4248 de
200 4193 315 4262 Phedre,
326 4208 352 4248 et
361 4215 395 4249 ou
404 4193 485 4268 dyest
494 4205 574 4248 trom-
650 4188 716 4260 Voy.
728 4188 861 4259 leMaqas.
874 4180 983 4255 Euryti.
997 4179 1027 4231 T.
1040 4176 1114 4249 titt,

60 4279 106 4350 pe.
122 4276 166 4331 on
179 4287 267 4332 trouve
280 4276 309 4329 la
320 4277 361 4331 uie
370 4278 402 4332 de
411 4272 574 4347 cefaluliste
612 4288 640 4343 p.
655 4268 696 4322 25.
709 4266 774 4336 (B.)
819 4296 825 4311 ·
