2820 5018
401 425 451 487 ru
476 423 754 489 voconius
780 428 804 489 1.
826 409 829 413 ’
1062 434 1125 523 ⁵⁵9

478 628 650 691 FABULA
670 629 721 689 lv.

120 796 171 854 Vs.
182 793 210 871 4.
221 795 367 879 Displicet
377 793 503 870 Bothio,
514 798 551 856 V.
562 795 623 871 CL,
633 796 808 859 emendatio
818 799 945 863 Bentleii
955 803 1040 881 (Vid.
1048 806 1085 864 V.
1094 808 1130 867 1..

80 881 118 943 ad
135 881 166 942 h.
179 904 207 942 v.
220 884 251 943 in
263 884 342 945 Edit.
357 885 481 963 nostra)
491 905 591 968 quum
601 884 790 966 ineleganter
800 907 860 947 vox
869 892 951 949 corcis
960 905 1130 973 repetatur3

80 991 177 1051 quare
188 972 295 1032 malit:
308 970 457 1053 aliamque
468 971 600 1055 predam
610 974 648 1034 ab
659 972 720 1037 clio
733 976 873 1058 quoferrt'
880 990 997 1058 putans.
1006 983 1133 1045 Verum·

82 1073 186 1123 tamen
198 1062 446 1127 emendationem
458 1083 525 1125 non
538 1064 650 1145 recepit
664 1065 697 1125 in
709 1076 836 1125 textum.

491 1246 663 1307 FABULA
684 1247 720 1306 V.

124 1399 174 1459 Vs.
189 1420 217 1481 7.
230 1400 353 1461 Accedit
362 1400 491 1462 Bothius
503 1400 738 1482 Cuninghamo,
752 1403 900 1463 Brotierio
909 1416 938 1463 et
948 1406 1135 1487 Bipontinis,

84 1488 139 1569 qui
152 1486 260 1569 legunt
271 1491 407 1549 nominor
415 1492 554 1570 quoniam
566 1492 633 1551 Leo.
648 1490 756 1549 Censet
767 1491 866 1565 enim,
880 1493 972 1551 nimis
984 1496 1136 1557 subtiliter

85 1575 124 1636 ad
139 1576 296 1637 veritatem
311 1576 408 1638 leonis
422 1577 516 1637 verba
527 1579 645 1659 exigere
657 1576 844 1652 Bentleium‚
858 1577 1030 1662 salsumque
1043 1584 1136 1666 scrip·

86 1664 159 1724 toris
172 1680 307 1725 mentem
319 1686 385 1727 non
397 1680 569 1729 assecutum
580 1687 655 1741 csse,
668 1686 767 1748 quum
776 1665 956 1728 nominibus
968 1688 1071 1731 rerum
1083 1670 1138 1732 dn·

86 1767 198 1814 cantur
213 1755 365 1816 mortales.

488 1845 659 1908 FABULA
678 1844 735 1904 Vl.

127 2008 216 2067 Hanc
228 2006 378 2071 Fabulam
389 2008 585 2093 reprehendit
596 2010 713 2090 cessim
725 2030 778 2071 zur
787 2008 824 2071 G·
837 2007 866 2071 d.
878 2014 912 2069 F.
927 2031 958 2092 p.
974 2010 1041 2072 238.

128 2099 180 2158 Vs.
192 2097 222 2157 6.
235 2100 318 2161 Loco
332 2098 520 2176 Columellae,
534 2120 630 2183 quem
645 2100 678 2161 in
692 2099 778 2159 Natis
790 2098 934 2181 produxi,
951 2099 1029 2163 adde
1042 2100 1138 2167 elium

89 2186 173 2266 Virg.
187 2186 240 2245 Ge.
254 2186 281 2260 1,
295 2186 371 2267 378:
388 2210 401 2239 o
413 2203 542 2248 veterem
560 2188 594 2248 in
606 2186 683 2247 limo
695 2208 779 2251 rante
792 2188 926 2251 cecinere
941 2188 1136 2269 querelam,n

90 2272 200 2353 quibus
209 2272 307 2332 verbis
317 2274 394 2333 inest
406 2277 490 2336 notio
500 2274 641 2335 clamoris
653 2274 792 2334 continui
801 2296 981 2357 semperque
992 2277 1137 2359 ejusdem.

91 2360 158 2420 vid.
176 2364 277 2442 Heyrte
288 2361 327 2421 ad
342 2360 372 2421 h.
388 2361 407 2422 l.

473 2539 645 2596 Fauoni
668 2540 761 2599 Vlll.

132 2702 182 2761 Vs.
203 2704 231 2767 8.
255 2702 358 2779 Quam
378 2698 525 2781 graphice
544 2697 693 2761 Phoedrus
712 2699 822 2760 dixerit
842 2700 911 2762 rolli
930 2700 1140 2785 lonpitodiuem

93 2789 263 2851 observavit
280 2793 353 2853 leui
370 2790 403 2849 in
419 2792 453 2849 Α.
470 2789 504 2851 Ρ.
521 2810 552 2870 p.
572 2789 646 2868 329,
664 2801 734 2871 post
748 2789 941 2864 Ramlerum‚
957 2811 1051 2873 quem
1062 2814 1090 2853 v.
1107 2794 1140 2853 in

93 2880 211 2940 Einleit.
229 2881 262 2937 in
276 2878 305 2939 cl.
321 2882 354 2941 S.
372 2881 422 2942 W.
436 2879 470 2937 T.
484 2878 512 2950 1,
525 2899 554 2958 p.
571 2877 629 2938 308
643 2898 688 2958 aq.
703 2877 758 2936 Ed.
773 2879 802 2937 3.

133 2971 315 3051 Anonymus
333 2963 472 3045 conjicit,
492 2962 659 3027 Phoedrum
678 2963 736 3025 hae
754 2963 861 3025 fabula
881 2967 1027 3047 respicere
1044 2969 1142 3028 Taciti

94 3055 205 3119 Annal.
219 3055 272 3117 lib.
288 3054 378 3128 1V,c.
392 3054 425 3128 3,
438 3052 570 3113 maxime
580 3053 692 3115 verba:
709 3053 867 3113 «sumitur
877 3053 910 3112 in
923 3056 1142 3119 conscientiam

95 3145 264 3219 Eudemus,
284 3145 401 3207 amicus
416 3158 445 3205 et
463 3142 598 3205 medicus
615 3144 723 3221 liviae,
740 3144 926 3225 specicartis
944 3143 1087 3226 frequens
1100 3166 1145 3207 se·

95 3238 191 3297 cretis.
203 3261 217 3291 a
227 3225 331 3315 ἐπέχω.
345 3234 497 3296 Fabulam
506 3234 606 3316 carpit
616 3234 788 3314 Lessingins
798 3232 899 3294 Gesclc
909 3232 938 3292 d.
949 3233 1019 3294 Fal.
1032 3254 1062 3319 p.
1075 3235 1144 3311 alto.

496 3414 667 3473 FABULA
690 3416 744 3472 lx.

137 3576 182 3634 De
196 3574 252 3635 hac
267 3574 373 3634 fabula
387 3572 591 3633 consulendus
604 3576 720 3654 Lessinp
736 3575 773 3633 G.
786 3572 814 3631 d.
829 3578 862 3631 F.
878 3596 907 3655 p.
926 3576 960 3645 al
970 3595 992 3633 ι.

138 3666 188 3725 Vs
202 3670 229 3726 8.
245 3668 351 3727 Mortis
363 3668 394 3724 in
406 3661 518 3723 solano.
533 3664 580 3723 Sic
592 3663 703 3743 vulgo',
717 3661 804 3744 eujus
817 3660 954 3723 lectionis
966 3666 1150 3743 germanita-

101 3768 162 3811 tem
173 3755 370 3814 Burmannus
387 3752 535 3834 (Epistol.
552 3753 618 3813 crit.
633 3751 673 3811 de
686 3750 732 3811 lris
743 3750 872 3811 Bentleii
887 3751 987 3829 notis)
1000 3772 1072 3812 cum
1087 3753 1149 3836 ple-

101 3843 203 3923 risque
220 3842 317 3903 doctis
337 3842 535 3917 addubitans,
551 3843 693 3915 correxit,
713 3842 839 3903 lleinsio
857 3854 1028 3924 preeunte:
1053 3845 1151 3905 monis

100 3952 136 3990 en
152 3929 270 4003 solatia,
283 3932 329 3991 vel
341 3931 484 3991 solatium.
504 3935 604 3991 Bothe.
618 3932 707 4008 Quod
722 3934 777 3989 Vir
786 3930 823 3990 cl.
837 3930 942 3990 scribit
953 3929 991 3988 de
1003 3932 1154 3990 Burman-

102 4041 159 4097 no‚
169 4021 403 4101 intelligendum
413 4023 452 4082 de
461 4023 570 4096 llario,
585 4021 694 4104 Anglo.
706 4022 818 4079 ilarius
828 4020 911 4078 enim
921 4020 1035 4097 (Hace)
1046 4033 1153 4081 auctor

101 4122 145 4168 est
163 4109 306 4192 Epistolae
323 4110 434 4169 eriocae
451 4109 489 4169 de
503 4110 587 4168 Notis
601 4108 728 4167 Bentleii
745 4107 777 4166 in
798 4105 978 4178 Phaedrum,
997 4124 1060 4164 non
1077 4108 1153 4169 Bur-

104 4218 245 4257 mannus.
268 4195 336 4257 viu.
356 4198 448 4278 Epist.
468 4197 519 4258 eit.
543 4195 582 4255 ad
604 4193 718 4255 calcem
741 4192 891 4255 Editionis
913 4193 1154 4256 Burmannianae
