2820 5018
324 446 329 457 ·
390 438 699 506 nrssumcro
722 441 796 506 111.
1058 473 1116 540 1„

59 569 214 641 lustratus
232 580 265 639 in
281 599 374 640 usum
387 579 570 641 serenissimi
587 581 733 663 principis
747 580 892 640 Nassavii.
909 583 1012 646 Nobili
1026 611 1119 671 gran.

58 667 155 727 dium
168 680 317 750 typorum
330 667 480 749 elegantia
492 668 688 728 commendat
703 689 733 728 se
746 667 811 729 haec
825 669 936 745 editio,
952 670 1120 761 figurisque

59 755 159 814 mam
181 757 215 815 iu
233 774 274 816 aes
291 757 409 832 incisis,
429 755 559 817 artificio
580 777 654 815 sane
673 756 842 838 plausibili,
863 765 1118 843 quamplurimis

60 857 179 917 ornata
193 859 256 905 ests
272 859 366 927 atque
381 847 438 906 ista
453 846 570 927 duplici
585 845 682 927 specie
699 844 885 928 praefulgcns
905 850 1040 915 curiosos
1062 855 1118 919 ho·

62 933 167 993 mines
180 934 214 993 in
229 933 360 1016 publicis
371 932 567 994 auctionibus
581 934 709 992 excitare
720 933 812 1008 solet,
828 948 861 993 ut
873 935 971 1016 ipsam
986 941 1118 1024 majore,

60 1041 164 1103 quam
183 1035 313 1096 ceteras,
335 1022 449 1104 pretio,
471 1011 495 1080 s'i
510 1036 625 1102 queant
639 1042 834 1103 comparare,
849 1022 1019 1088 decertent:
1041 1053 1118 1114 prae·

60 1121 149 1170 terea
171 1111 205 1169 in
226 1111 389 1170 menstruis
412 1107 604 1169 eruditorum
629 1111 848 1171 parisiensium
873 1111 1053 1180 adversariis
1078 1123 1118 1185 ad

62 1221 188 1263 annum
208 1221 298 1283 1702,
315 1203 429 1283 pagina
446 1202 499 1282 78,
518 1199 605 1261 valde
620 1200 778 1275 laudatur,
799 1202 1001 1287 asserituique
1020 1209 1120 1278 deesse

63 1289 148 1353 nibil
163 1292 247 1373 operi
263 1290 421 1364 universo,
437 1310 502 1371 quo
518 1291 621 1349 minus
638 1289 755 1370 placere
770 1305 824 1350 aut
842 1292 981 1372 prodesse
1001 1298 1119 1367 debeat,

64 1383 107 1442 At
131 1380 313 1443 sententiam
338 1379 475 1462 proferre
494 1399 590 1460 cogor
612 1381 704 1462 paulo
725 1380 892 1457 diversam,
916 1399 945 1443 et
968 1393 1119 1472 monebo,

64 1468 150 1532 base
165 1469 290 1552 quidem
306 1468 472 1528 editionem
488 1468 647 1528 abundare
662 1468 828 1550 elegantia,
845 1491 922 1554 saepe
937 1489 1041 1540 autem
1060 1485 1120 1544 uti.

64 1557 154 1620 litate
173 1559 350 1619 destitutam
371 1557 522 1617 inveniri:
546 1558 658 1616 etenim
680 1578 747 1618 non
768 1558 863 1619 modo
886 1563 992 1624 multae
1014 1589 1121 1633 occur.

63 1662 158 1723 runt,
181 1647 215 1706 in
241 1646 362 1707 Phaedri
384 1645 504 1706 fabulas
528 1645 680 1719 admissae,
706 1647 936 1709 emendationes
963 1657 1120 1723 variorum

64 1738 253 1799 Criticorum
271 1735 432 1818 aliquanto
450 1734 641 1809 audaciorcs3
661 1735 711 1795 sed
731 1735 854 1797 illarum
873 1739 964 1800 ctiam
981 1760 1120 1811 auctores

64 1847 141 1888 raro
157 1825 375 1899 nominantur3
393 1825 566 1906 pariterque
582 1844 652 1883 raro
667 1823 747 1883 MSS.
766 1824 916 1886 Codicum
932 1850 967 1888 ac
984 1848 1120 1899 veterum

60 1916 241 1979 editionum
261 1916 353 1975 variae
371 1914 515 1974 lectiones
533 1912 725 1986 indicantum
746 1913 832 1994 quod
852 1929 956 1977 tamen
974 1939 1120 2003 praestan.

60 2006 224 2069 dum‘fore
237 2005 382 2067 Praefatio
395 2006 458 2087 ipsa
473 2003 609 2085 polliceri
623 2001 754 2062 videtur.

106 2097 164 2159 Sed
176 2111 212 2157 ut
224 2097 257 2157 in
269 2096 402 2177 aliquem
415 2094 520 2154 locum
532 2113 657 2154 censura
670 2091 837 2172 deligatur,
847 2093 935 2156 valde
946 2098 1069 2178 dubito,
1078 2129 1121 2168 on

62 2188 245 2271 quiquam,
263 2198 371 2267 praeter
386 2182 525 2243 Gadium
541 2196 571 2241 et
589 2183 868 2261 Hoogstratanum,
887 2189 1120 2273 approbaverit,

63 2280 143 2338 sitve
160 2295 300 2358 unquam
317 2273 543 2356 approbaturus
561 2270 741 2345 lectionem,
760 2291 854 2351 quarn
874 2270 925 2332 bic
938 2276 980 2335 ab
1000 2280 1054 2342 illo
1073 2306 1121 2346 ac·

62 2380 187 2449 ceptam
201 2365 324 2425 intrusit
336 2367 370 2422 in
385 2362 455 2420 libri
471 2359 594 2420 secundi
608 2358 746 2419 fabulam
760 2362 919 2441 quintam,
934 2367 1003 2442 ubi,
1022 2392 1051 2430 v.
1067 2394 1121 2450 22,

62 2453 178 2537 ampo,
192 2473 263 2536 pro,
276 2450 386 2522 alacer,
404 2447 490 2528 quod
503 2447 583 2507 MSS.
599 2446 725 2507 Codices
738 2461 768 2506 et
781 2447 929 2511 editiones
945 2474 1053 2518 omnes
1065 2459 1120 2522 ba.

64 2543 157 2619 bent,
169 2541 318 2625 reposuit,
332 2552 362 2599 et
373 2536 486 2598 edidit:

211 2679 381 2745 Donationis,
392 2674 473 2748 alapas
483 2691 568 2744 certe,
577 2672 675 2748 gaudio
686 2699 692 2728 t

63 2823 104 2870 ut
123 2805 327 2888 significetur,
345 2825 481 2878 servum,
497 2803 615 2882 dequo
633 2801 682 2860 bic
698 2800 814 2881 agitur,
830 2801 1012 2866 donationis
1027 2807 1121 2871 alicu·

60 2899 132 2982 jus,
148 2909 202 2955 aut
212 2896 315 2954 saltem
330 2894 427 2973 alapae
440 2891 554 2971 gaudio
567 2891 628 2949 sive
639 2910 691 2971 spe
702 2890 865 2949 cxcitatum
883 2891 983 2953 fnisse.
1001 2897 1080 2957 Nam
1097 2901 1122 2959 si

64 3010 140 3051 vera
155 2997 226 3047 esset
238 2988 293 3045 ista
306 2981 496 3054 emendatio,
509 3001 619 3062 parum
632 2979 798 3061 prudenter
810 2981 958 3060 scripsisse
974 2983 1121 3049 Phaedrus

63 3079 236 3149 videretur,
257 3075 372 3156 quippe
391 3072 444 3152 qui
466 3070 602 3151 alapam,
624 3069 686 3150 qno
708 3070 836 3128 nomine
856 3072 1057 3134 manumissio
1076 3077 1121 3136 ibi

63 3166 200 3246 intelligi
215 3163 319 3239 debet,
336 3163 438 3223 minus
453 3159 622 3220 donatione
638 3159 742 3239 aliqua
757 3178 817 3217 esse
833 3157 958 3220 famulis
975 3179 1121 3247 exoptan-

63 3256 140 3319 dam
155 3249 373 3315 aerumnosa

104 3341 274 3407 Plroedrum
286 3339 389 3399 denuo
402 3333 634 3409 Amstelodami,
644 3337 742 3407 inin,
752 3354 838 3393 anno
853 3355 942 3415 1701,
954 3359 1026 3401 curn
1038 3345 1121 3407 notis

59 3436 129 3521 im
145 3431 251 3512 unqua
268 3441 353 3511 parte
369 3425 571 3497 auctioribus,
589 3443 688 3504 neque
704 3438 807 3481 tamen
825 3426 923 3503 magis
938 3448 1032 3507 quam
1049 3450 1121 3496 ante

62 3523 210 3596 utilibus,
223 3521 466 3598 Hoogstratanus
479 3512 588 3586 edidit,
601 3528 630 3572 et
643 3513 673 3572 in
691 3509 747 3571 bac
758 3511 884 3571 tandem
896 3513 1044 3595 editione,
1058 3543 1123 3603 per-

64 3629 173 3678 motus
191 3609 374 3670 auctoritate
391 3605 499 3678 Gudii,
518 3617 547 3663 et
565 3601 746 3663 Broukhusii
766 3602 990 3685 approbatione
1007 3612 1119 3672 confir

64 3719 186 3781 matus,
201 3698 281 3758 hanc
292 3696 470 3770 lectionem,
483 3693 550 3755 Lib.
563 3694 587 3770 1,
600 3695 633 3752 F.
647 3693 674 3767 5,
687 3713 715 3752 v.
728 3713 757 3773 7,
771 3705 921 3775 tanquam
935 3699 1119 3777 genuinam,

63 3791 174 3856 excudi
186 3788 293 3873 jussit:

211 3920 268 3992 Ego
277 3918 388 3991 primam
398 3915 475 3982 tollo,
486 3917 609 3969 nominor
618 3915 678 3987 quia
688 3913 789 3967 Creon:

65 4046 105 4107 de
117 4067 182 4127 qua
194 4043 270 4126 quid
281 4043 475 4104 sentiendum
488 4063 548 4103 esse
559 4041 758 4112 arbitremur,
770 4058 862 4119 supra
874 4035 1015 4099 diximus.

108 4135 270 4196 Prodierat
285 4134 414 4205 ibidem,
424 4134 510 4192 insa
524 4131 617 4214 paulo
632 4129 759 4209 majore,
772 4125 921 4186 Pbtedrus
932 4147 1017 4186 anno
1033 4131 1118 4210 1703,

67 4248 140 4288 mm
161 4227 245 4287 notis
266 4225 417 4308 perpetuis
437 4226 486 4284 Jo.
509 4221 590 4283 Frid.
614 4219 782 4290 Gronovii,
803 4229 833 4276 et
852 4214 1118 4280 emendationibus

143 4344 165 4378 ι.
906 4321 938 4364 ts
