2820 5018
773 342 794 385 a

344 484 348 495 ·
450 464 513 528 AD
536 462 628 529 ΙΙΙ).
653 464 668 527 Ι
692 462 788 527 Fau.
812 463 924 528 XXV.
1158 466 1220 531 523

173 600 292 667 tboeon.
305 603 436 663 inveniri
472 623 506 665 ro
515 605 610 673 ocius,
624 604 682 662 otio
690 625 701 673 ,-
717 599 803 681 eujus
818 601 900 663 modi
914 602 1117 664 diversitatem
1130 607 1223 687 scrip-

176 703 255 751 turae
270 691 302 749 in
319 691 428 750 eodem
442 625 553 750 dodico
568 710 660 770 supra
676 688 836 770 aliquoties
850 689 990 749 vidimus.
1002 695 1037 751 Τὸ
1051 694 1107 751 otio
1120 705 1225 752 autem

176 776 297 838 videtur
308 798 369 837 csse
380 800 398 836 a
411 799 504 837 manu
519 779 632 858 prima,
648 779 753 835 ociosa
766 776 908 837 secunda.
926 778 1092 839 Phaedrum
1103 777 1153 839 bic
1165 800 1226 839 esse

177 865 399 946 interpolatum
421 865 630 926 additionibus
651 863 865 940 librariorum,
886 866 941 948 qui
961 865 1227 949 explicationem

177 950 275 1013 lambe
288 958 346 1015 olio
360 957 461 1015 sensui
478 954 634 1014 consulere
650 954 779 1029 vellent,
796 975 869 1015 vero
885 969 929 1014 est
943 956 1145 1017 simillimum.
1163 957 1227 1030 Sic,

178 1044 426 1118 tercenarium,
439 1044 492 1104 lib.
506 1044 534 1118 Ι,
547 1042 609 1103 fab.
623 1043 721 1116 XXss,
736 1065 763 1125 7,
777 1056 844 1125 post
855 1044 963 1118 verba,
977 1058 1004 1105 et
1015 1047 1089 1126 ipsos
1100 1044 1227 1119 devores,

176 1132 241 1193 MS.
257 1132 337 1193 Pith.
353 1133 463 1195 habet:
480 1159 495 1189 a
505 1135 563 1193 llic
581 1132 721 1213 intellege
736 1134 861 1192 soricem
878 1154 939 1193 esse
953 1135 1071 1217 generis
1087 1133 1229 1197 masculi-

179 1218 222 1279 ni.
237 1219 373 1282 Pithoeus
387 1234 457 1305 post
467 1241 496 1279 v.
509 1222 545 1297 6,
559 1241 659 1281 unum
671 1241 792 1281 versum
804 1219 923 1280 addidit

302 1364 393 1409 Accede
397 1397 404 1417 ‚
415 1373 470 1428 patu
480 1362 566 1419 latiur,
576 1373 597 1409 ct
607 1362 655 1409 noli
662 1363 724 1411 dolos

306 1437 395 1498 lnquit,
407 1439 486 1483 vereri.
496 1437 526 1481 A.
536 1435 579 1498 if.
591 1452 622 1480 m.

180 1561 236 1645 qui
248 1560 384 1625 deindea
398 1564 516 1638 multis,
531 1579 566 1625 ut
575 1564 706 1624 Nerelet.
718 1562 815 1643 Rigal.
828 1562 883 1622 Ed.
896 1583 923 1622 a.
937 1561 1123 1622 Freinshem.
1134 1563 1232 1623 func·

181 1649 246 1722 cio,
264 1651 356 1709 etiam
373 1654 570 1728 Burmanno,
587 1667 725 1734 receptus
741 1665 792 1711 est.
810 1651 865 1710 Sed
883 1671 948 1713 nou
966 1649 1054 1732 pauci
1072 1662 1160 1725 sunt,
1177 1652 1232 1730 qni

181 1756 321 1797 versum:
342 1741 470 1814 Accede,
489 1755 561 1823 pota
583 1739 691 1815 leniter,
708 1752 736 1799 et
753 1738 814 1799 noli
834 1737 911 1799 dolos
929 1741 1050 1821 penitus
1069 1739 1230 1807 omittant3

181 1847 268 1886 versu
286 1843 389 1889 autern
406 1853 466 1913 seq
484 1852 541 1914 pro
558 1834 653 1913 inquit
667 1830 831 1913 praeferant
846 1828 915 1888 noli
932 1830 978 1889 Sic
992 1826 1114 1910 Rigaltii
1130 1827 1232 1886 Editio

182 1929 352 1997 postrema,
367 1933 396 1977 et
407 1920 553 1979 Maittarii
566 1918 737 2000 Danetique
750 1918 918 1977 Editiones.
933 1920 1031 2001 Atque
1043 1917 1134 1977 etiam
1146 1916 1234 1975 Bent-

182 2000 302 2064 leiusb
318 2027 345 2065 ι.
359 2010 444 2067 uncis
460 2009 581 2067 inclusit
596 2007 746 2088 legensV
761 2007 780 2066 6
786 2028 866 2086 quo
880 2004 957 2065 loiret
971 2003 1066 2064 lontbe
1084 2003 1190 2077 otio,i.
1205 2022 1232 2061 e.

183 2092 370 2175 ubicumque
390 2096 484 2155 lubet
506 2089 665 2179 llipontini
687 2115 757 2153 vero
777 2116 849 2155 curn
867 2092 1029 2175 Philippo,
1050 2091 1235 2153 Lallemant.

182 2179 337 2242 Schiraclr.
352 2187 386 2243 V.
403 2186 440 2243 Ι).
456 2185 540 2244 Clav.
554 2187 587 2243 P.
603 2186 677 2265 l,p.
695 2184 768 2257 258,
785 2183 947 2255 Brotierio,
963 2194 1085 2261 penitus
1096 2180 1233 2259 eperunt

182 2269 272 2329 llisce
288 2292 343 2353 ego
361 2274 522 2333 obsecutus
538 2295 624 2346 sum,
644 2272 698 2331 etsi
717 2271 872 2353 improbet
889 2268 1024 2342 Gudius,
1045 2288 1102 2326 uec
1118 2266 1234 2364 desint,

182 2380 236 2440 qur
229 2358 338 2421 hunc
353 2384 488 2438 versum,
506 2364 538 2422 in
554 2364 638 2422 libris
654 2362 773 2460 scriptis
787 2382 899 2444 parum
915 2378 1101 2441 expressum,
1118 2376 1153 2415 ex
1169 2352 1234 2437 ejus

183 2462 288 2508 tamen
301 2454 430 2534 vestigiis
442 2468 599 2535 utcunque
612 2454 800 2526 restitutum,
811 2452 941 2509 retinere
953 2448 1045 2507 satius
1056 2446 1183 2506 ducunt.
1197 2446 1234 2505 ln

185 2538 233 2598 his
242 2542 438 2602 llurmannus
449 2558 478 2602 et
488 2546 687 2623 lleusinger.r
678 2543 811 2601 Maxime
823 2561 892 2600 mot
894 2561 948 2600 eor
960 2542 1123 2619 Anonymo
1132 2536 1237 2595 Nilau-

186 2626 236 2700 tii,
251 2648 304 2707 qur
297 2627 347 2687 b.
363 2628 382 2687 l.
398 2633 439 2690 sic
452 2632 611 2732 expressit:
627 2656 641 2685 o
651 2630 727 2688 dixit
739 2650 765 2688 er
758 2626 988 2689 (ΙΙοοοιΙΙΙΙιιει
1001 2624 1092 2704 Quod
1105 2624 1179 2683 libet
1192 2621 1236 2680 la·

188 2714 242 2774 bio
250 2729 319 2790 tuo,
328 2717 391 2776 noli
402 2721 526 2793 vereri3
538 2721 569 2778 in
581 2742 644 2801 quo
653 2720 740 2778 loco
729 2717 844 2777 &lobio
854 2730 901 2776 tuo
911 2738 945 2776 cx
956 2714 1049 2775 Ιαηιὸε
1058 2717 1115 2774 otio
1126 2726 1237 2772 natum

187 2821 264 2877 esse,
277 2805 449 2865 acutissimo
462 2807 597 2866 Bentleio
610 2822 688 2866 reete
700 2805 828 2865 videtur
840 2804 950 2863 Vides
943 2805 1051 2884 igitur,
1064 2800 1146 2902 apud
1159 2802 1238 2858 rino·

190 2910 323 2970 nymum
335 2893 462 2952 Nilantii
477 2893 568 2974 hujus
582 2916 683 2953 versus
698 2895 789 2974 plane
803 2892 957 2951 ιιιιΙΙιιιιι
940 2906 1054 2951 exstare
1066 2890 1239 2968 vestigium

189 2979 309 3053 Quaerit
320 2981 411 3039 etiam
428 2983 600 3044 lleutleius:
617 2985 684 3064 quis
698 2982 776 3043 ferre
790 2995 885 3062 potest
899 2979 974 3040 illud
986 2981 1093 3058 irupuit,
1111 2999 1129 3035 a
1142 2979 1240 3057 capite

190 3069 349 3127 sententia
365 3083 428 3129 tam
443 3071 534 3152 longe
547 3072 722 3131 remotum?
734 3072 814 3151 quod
831 3071 894 3129 lere
905 3084 957 3128 est
972 3068 1027 3127 Sed
1042 3065 1164 3146 majoris
1177 3086 1243 3124 mo·

189 3159 287 3219 menti
301 3172 345 3218 est
360 3163 437 3221 ratio
447 3160 577 3241 adjuta,
591 3161 673 3242 quod
689 3160 858 3221 locutiones
872 3157 966 3217 lorrtbe
977 3160 1035 3217 otio
1046 3170 1075 3215 et
1084 3169 1170 3236 γυῖα,
1181 3154 1241 3215 noli

189 3248 289 3305 timere
307 3260 336 3306 et
355 3247 416 3308 noli
434 3253 522 3308 uereri
539 3271 650 3331 parum
669 3248 825 3309 differam.
844 3247 926 3307 Vix
918 3246 1011 3327 igitur
1029 3244 1164 3305 dubitari
1182 3265 1241 3326 po·

190 3350 261 3411 test,
281 3336 386 3398 locum
408 3338 623 3401 additamentis
647 3338 841 3399 librariorum
865 3358 926 3397 esse
948 3347 1140 3434 corruptum.
1161 3337 1243 3393 Con·

190 3436 238 3484 tra
251 3426 275 3484 si
289 3446 391 3485 versus
405 3424 556 3506 ejiciatur,
569 3446 638 3486 mco
651 3425 775 3506 quidem
788 3445 893 3496 sensu,
908 3408 1005 3485 oratio
1018 3420 1156 3481 redditur
1169 3440 1242 3481 con·

190 3513 323 3588 cinnior‚
334 3528 364 3573 et
373 3515 515 3575 brevitati
525 3513 644 3573 Phaedri
654 3510 924 3573 accommodatior
933 3508 993 3568 Alii
1003 3507 1062 3568 alia
1072 3520 1241 3571 tentarunt.

191 3600 311 3663 Gudius
326 3617 425 3665 totum
441 3602 661 3678 baneiacam,
678 3623 771 3682 quem
785 3600 918 3673 erudite,
936 3611 970 3659 ut
986 3596 1077 3672 solet,
1094 3596 1244 3668 illustrat,

192 3690 236 3748 ita
250 3691 423 3751 constituit:
437 3693 488 3753 Sic
503 3689 684 3751 corcodilus:
698 3710 788 3770 quarn
804 3685 869 3747 libet
885 3685 993 3760 lambe,
1010 3687 1070 3744 otio
1081 3685 1118 3762 (i.
1134 3705 1159 3743 e.
1175 3706 1242 3745 seu·

193 3776 270 3849 sim,
284 3774 408 3859 leniter)
424 3782 497 3846 Pota
505 3824 514 3851 ‚
529 3799 564 3837 ac
577 3777 680 3838 accede
692 3776 765 3837 Nilo
782 3789 883 3837 temere
896 3775 1070 3853 (audacter,
1085 3774 1151 3831 sine
1164 3774 1242 3854 peri·

194 3862 256 3923 culi
274 3866 375 3941 metu)
395 3865 429 3924 de
445 3864 512 3925 dolo
528 3864 590 3926 noli
605 3868 704 3925 vereri.
725 3864 862 3925 Gudium
876 3877 1046 3944 sequuntur
1060 3862 1196 3921 Gronov.
1214 3876 1245 3920 et

192 3955 410 4033 lloogstratan.
423 3956 481 4015 nisi
493 3955 574 4036 quod
588 3954 638 4014 hic
652 3954 750 4015 leuius
766 3953 889 4029 babeat,
905 3968 991 4034 atque
1004 3951 1114 4011 accede.
1130 3950 1186 4009 Sed
1201 3971 1244 4011 re·

189 4041 258 4125 jicit
272 4044 468 4103 llurmannus
480 4043 560 4105 hanc
571 4044 794 4125 conjecturum,
808 4046 881 4125 quia
893 4042 997 4103 accedo
1010 4063 1079 4102 curn
1093 4041 1196 4099 dativo
1208 4040 1242 4097 in

191 4153 226 4192 ea
241 4130 463 4211 significatione
474 4154 540 4193 non
553 4135 624 4193 satis
636 4135 781 4193 Latinum
794 4133 847 4206 sit3
861 4130 1026 4190 dicendum
1040 4129 1132 4188 fuisse
1144 4126 1191 4186 vel
1203 4125 1245 4185 od

192 4219 312 4296 Nilum,
322 4219 369 4281 vel
379 4218 493 4282 Nilum.
502 4223 649 4299 Quamvis
658 4223 742 4283 enim
753 4219 889 4303 exempla
900 4218 1029 4301 produci
1039 4228 1161 4302 possent
1171 4235 1242 4276 eum
