2820 5018
137 392 157 456 8
535 391 780 457 ruarmo

135 528 305 619 operibus,
323 527 375 593 vel
394 530 520 618 scriptis
540 530 734 610 minoribus,
756 553 794 594 ex
812 545 904 618 parte
923 528 1080 616 perraris,
1099 528 1183 594 scie·

134 633 211 701 bam
227 634 365 701 Pbaedro
380 634 556 724 multisque
575 634 758 699 fabularum
775 634 862 699 illius
879 633 959 698 locis
975 631 1087 697 lucem
1103 654 1181 698 esse

135 744 285 808 affusam.

180 853 264 914 Cum
279 850 422 940 denique
432 851 501 942 jam
515 851 594 916 olim
610 875 628 914 3
647 852 806 916 Scriverio
823 866 856 915 et
871 848 1028 927 Christio,
1048 850 1184 914 Profes-

136 978 210 1020 sore
221 959 396 1046 Lipsiensi,
410 976 442 1023 et
453 959 688 1025 recentioribus
700 957 903 1048 temporibus
913 979 932 1021 3
941 955 1180 1036 Marchesello,

136 1058 234 1138 ltalo,
246 1065 382 1138 γνησιὸτης
394 1080 426 1127 et
437 1065 613 1152 antiquitas
625 1062 751 1127 Phaedri
765 1063 799 1126 in
813 1062 950 1126 dubium
962 1078 1072 1127 essent
1083 1084 1183 1127 voca·

136 1182 193 1244 tae,
213 1168 449 1256 refragantibus
466 1172 623 1250 Funccio,
644 1171 807 1248 Fabricio,
824 1170 989 1247 Ernestio,
1005 1170 1092 1249 aliis;
1112 1167 1181 1233 hoc

136 1272 210 1337 loco
230 1299 296 1338 uon
316 1276 460 1341 alienum
481 1301 551 1342 esse
572 1280 682 1365 putavi
706 1279 739 1341 in
760 1275 914 1364 peculiari
938 1274 1180 1363 disputatione,

136 1377 176 1444 ele
186 1379 318 1447 l’ltoedro
328 1387 522 1473 antiquitatis
532 1388 694 1471 scriptore,
706 1403 976 1460 commemorare,
987 1404 1062 1470 quae
1071 1405 1089 1446 a
1099 1382 1183 1447 viris

137 1482 243 1549 doctis
261 1485 346 1551 hanc
365 1490 397 1552 in
416 1512 487 1551 rem
503 1488 666 1576 disputata
685 1502 808 1564 essent,
829 1487 863 1549 in
882 1508 949 1574 quo
969 1487 1012 1549 ita
1030 1503 1182 1550 versatus

136 1601 225 1668 sum,
241 1607 278 1653 ut
289 1592 405 1670 multa,
421 1591 558 1657 Phaedro
571 1591 712 1682 objecta,
724 1589 899 1668 diluerem,
914 1607 948 1654 et
959 1593 1180 1677 argumentis,

136 1718 176 1758 ex
191 1711 281 1782 parte
297 1699 404 1775 novis,
418 1702 574 1775 γνησιότητα
587 1711 693 1783 poetae
706 1711 738 1758 et
752 1696 978 1784 antiquitatem
992 1694 1181 1761 fabularum

136 1797 411 1878 demonstrarem,
434 1815 521 1862 certe
543 1797 766 1878 ostenderem,
789 1822 854 1863 non
876 1800 1021 1888 potuisse
1040 1798 1137 1865 scribi
1158 1820 1181 1862 a

136 1908 283 1986 Perotto‚
297 1905 552 1996 archiepiscopo
564 1908 746 1996 Sipontino.

181 2032 330 2096 Fortasse
343 2049 453 2109 erunt,
467 2031 586 2119 quibus
599 2055 660 2118 ego
675 2032 709 2095 in
722 2031 831 2095 multis
845 2030 942 2122 hujus
957 2028 1119 2094 Editionis
1131 2028 1184 2095 lo·

138 2139 185 2200 cis
197 2139 317 2201 nimius
330 2154 363 2201 et
370 2137 461 2227 justo
475 2137 604 2223 longior
619 2137 719 2200 fuisse
731 2135 857 2214 ridear,
872 2152 905 2199 at
919 2137 1127 2199 meminerint
1140 2136 1182 2213 ii,

138 2246 344 2331 propositum
355 2241 435 2307 mihi
448 2244 562 2322 fuisse,
575 2245 607 2306 in
618 2243 734 2330 vulgus
747 2242 845 2307 cdere
857 2243 1039 2330 pleniorem
1052 2241 1184 2329 elegan-

138 2351 253 2413 tissimi
273 2364 379 2436 poetae
398 2345 592 2424 editionem,
615 2349 728 2436 inqua
748 2348 794 2410 nil
813 2346 1068 2423 desidemretur,
1088 2343 1183 2433 quod

137 2454 259 2519 abhinc
272 2455 365 2517 annis
379 2455 457 2518 CCC
473 2470 505 2516 et
521 2452 610 2542 quod
626 2456 779 2532 excurrit,
795 2477 813 2517 3
827 2456 904 2518 viris
918 2451 1022 2517 doctis
1035 2451 1078 2516 de
1090 2449 1185 2515 Phae·

140 2560 201 2625 dro
212 2578 245 2625 et
255 2563 288 2624 in
296 2559 468 2623 Phaetlrum
478 2560 1184 2650 ejusquefabulasscriptumexcogitatumve

139 2666 217 2744 fuit,
232 2663 273 2728 ad
289 2681 420 2753 poetam
437 2664 490 2729 vel
505 2663 763 2743 emendandum,
779 2665 831 2728 vel
847 2662 1128 2751 interpretandum
1147 2678 1186 2728 et

112 2782 116 2789 '
139 2768 382 2849 illustrandum,
397 2771 422 2833 si
436 2786 543 2833 tamen
556 2768 679 2858 aliquid
696 2770 853 2833 momenti
866 2768 1016 2848 baberet,
1029 2786 1062 2832 et
1071 2768 1186 2857 aliqua

141 2891 284 2961 exparte
298 2873 465 2938 videretur
479 2873 569 2937 utile.
585 2876 699 2962 Neque
715 2875 812 2936 etiam
825 2891 888 2951 est,
904 2872 993 2962 quod
1009 2875 1082 2961 quis
1099 2871 1184 2963 obji-

140 2982 218 3060 ciat,
232 3003 299 3044 non
310 3004 413 3069 pauca
426 2983 594 3046 continere
610 2978 787 3044 editionem
802 2997 959 3059 nostram,
972 2980 1091 3069 quibus
1103 2981 1186 3045 artis

141 3090 261 3153 criticen
277 3090 373 3176 periti
392 3089 514 3177 aliique
527 3104 626 3151 t'astoe
644 3086 836 3151 eruditionis
854 3085 1003 3151 homines
1020 3086 1115 3151 facilc
1134 3110 1187 3151 ca-

141 3217 213 3258 rere
227 3196 362 3282 possint.
376 3199 499 3258 Verum
513 3195 600 3258 enim
613 3216 691 3258 vero
696 3194 765 3284 jam
776 3217 873 3282 supra
882 3195 1010 3272 monui,
1024 3216 1077 3256 me
1087 3194 1188 3259 ratio·

140 3297 236 3363 nibus
250 3301 456 3387 potissimum
471 3302 700 3385 magistrorum
714 3297 897 3363 scholarum
912 3299 1054 3362 voluisse
1067 3322 1188 3364 consu·

138 3407 222 3484 lere,
237 3429 377 3495 qnorum
394 3406 514 3470 multos
528 3405 694 3471 laboribus
706 3404 905 3470 scholasticis
917 3409 961 3469 ita
973 3422 1098 3469 constat
1111 3428 1187 3471 esse

141 3513 291 3591 obrutos,
307 3529 344 3577 ut
356 3514 393 3576 iis
408 3536 547 3600 operose
560 3536 752 3601 congerere,
769 3535 842 3602 quae
856 3511 897 3577 ad
912 3513 1088 3577 lectionem
1103 3515 1188 3602 pris-

141 3639 255 3679 corum
275 3620 469 3706 scriptorum
487 3640 570 3705 opus
588 3620 666 3696 sint,
681 3640 743 3681 nec
757 3634 866 3695 vacet,
883 3640 944 3681 nec
957 3617 1068 3682 libeat.
1084 3619 1186 3682 Hisce

141 3746 202 3811 ego
211 3742 458 3810 pergratumme
467 3726 629 3789 facturum
637 3748 707 3790 esse
714 3726 885 3814 putabam,
899 3728 925 3789 si
934 3748 1067 3813 operam
1075 3748 1187 3789 meam

141 3827 175 3890 in
189 3850 228 3890 co
243 3846 415 3914 ponerem,
430 3845 467 3892 ut
478 3831 512 3892 in
524 3847 656 3915 promtu
669 3830 707 3893 iis
719 3846 818 3909 esset,
835 3828 992 3918 quicquid
1003 3831 1187 3918 pertineret

140 3932 182 3999 ad
195 3931 368 3997 Phaedrum
379 3933 431 3998 vel
443 3933 708 4021 intelligendum,
723 3934 776 4000 vel
786 3935 1015 4026 explicandum
1028 3952 1061 4000 et
1073 3959 1186 4001 emen-

139 4034 297 4101 dandum.

184 4143 309 4221 Restat,
331 4156 369 4203 ut
388 4140 474 4205 Viris
494 4139 695 4231 lllustribus,
718 4143 1018 4224 Excellentissimis,
1040 4145 1185 4212 Clarissi-
