2820 5018
467 422 819 503 visernacum.
1126 474 1161 540 ,7

120 581 167 639 ita
178 602 186 639 ε
196 578 281 641 unde
297 576 374 640 mibi
390 602 444 662 per
466 581 653 642 calumniam
669 584 868 644 inimicorum
888 601 993 669 postea
1008 593 1166 660 calamitas

122 669 187 727 fuit
208 668 351 729 conllata.
376 669 462 728 ldem
482 668 541 730 hoc
566 668 711 731 Pbaedrus
735 672 841 733 fabula
865 673 903 733 de
924 675 1007 737 Cane
1023 694 1052 738 et
1064 683 1164 744 Vena-

121 770 192 816 tore
213 756 256 835 (r)
279 756 318 816 ad
349 755 501 817 Philetum
530 757 701 838 significare
727 760 857 821 videtur.
883 764 975 823 Canis
1001 770 1084 828 enim
1112 772 1165 832 ille

122 847 297 920 venaticus,
317 845 406 905 fortis
427 847 504 907 olim
518 846 660 907 adversus
672 869 779 908 omnes
799 849 893 927 feras,
905 873 990 913 nunc
1008 861 1097 918 annis
1117 862 1164 920 in·

121 934 325 1015 gravantibus
342 933 512 1016 languens,
526 956 617 1016 quem
637 936 802 996 adumbrat
819 937 929 1014 alium,
949 962 1044 1021 quam
1063 947 1165 1028 ipsum

120 1020 240 1081 fabule
250 1034 406 1081 auctorem
417 1020 475 1101 (2)?
489 1023 685 1103 Quamquam
695 1021 760 1082 haec
774 1022 881 1085 fabula
893 1028 986 1086 etiam
997 1030 1057 1091 alio
1068 1035 1164 1095 modo
1208 1026 1214 1041 ⁴

120 1108 269 1191 explicari
284 1122 398 1191 potest,
417 1110 463 1168 uti
485 1130 541 1169 suo
554 1109 624 1170 loco
638 1110 869 1170 monstrabitur.
890 1115 946 1187 Ac,
961 1135 1028 1175 mea
1040 1119 1168 1197 quidem

122 1197 291 1270 sententia,
306 1193 451 1256 Phaedrus
460 1211 531 1279 post
538 1197 652 1255 Tiberii
666 1217 813 1256 secessum
826 1199 859 1257 in
871 1198 1003 1280 Capreas
1014 1204 1165 1277 insulam,

122 1286 197 1345 viro
214 1282 326 1365 Sejano
344 1298 374 1343 et
388 1285 529 1361 florente,
544 1285 622 1345 duos
635 1286 752 1367 priores
766 1285 944 1347 fabularum
958 1290 1054 1353 libros
1068 1296 1102 1355 in
1119 1296 1167 1357 lu·

123 1396 191 1440 cem
200 1374 311 1435 emisit.
321 1375 392 1434 Non
404 1376 487 1433 enim
500 1396 595 1434 unam
607 1374 772 1434 alteramve
781 1374 920 1436 fabulam
933 1381 991 1438 sibi
1000 1385 1168 1466 amicisque

124 1474 248 1524 tantum
261 1465 468 1545 composuisse
487 1463 565 1523 mibi
579 1463 709 1539 videtur,
721 1464 867 1525 traditam
880 1466 992 1528 deinde
1008 1472 1040 1529 in
1055 1493 1167 1547 manus

124 1550 351 1625 multitudinis,
370 1564 495 1633 quaest
508 1551 693 1611 Desbillonii
711 1555 861 1613 sententia
879 1555 928 1635 (3).
943 1557 1083 1639 Namque
1101 1583 1170 1622 non

124 1662 201 1715 una,
209 1642 329 1701 ratione
341 1641 472 1701 inducor
485 1640 524 1700 ad
537 1641 737 1714 credendum,
755 1640 920 1702 Phaedrum
934 1648 1085 1729 scripsisse
1102 1671 1169 1710 om·

126 1727 221 1787 nibus
232 1746 299 1788 non
311 1729 455 1809 singulis,
467 1741 502 1787 ut
513 1726 686 1788 luculenter
699 1727 854 1787 docebunt
869 1735 1035 1811 sequentia.
1052 1736 1169 1797 Contra

126 1815 219 1876 facile
243 1815 372 1875 admitto
396 1813 605 1894 conjecturam
627 1817 783 1888 Brotierii‚
809 1818 942 1877 maxime
964 1820 1169 1900 Desbillonii,

127 1905 183 1986 qui
196 1922 262 1963 non
274 1907 339 1962 sine
349 1922 455 1961 caussa
468 1913 621 1973 statuunt,
636 1899 708 1958 libri
721 1903 814 1982 primi
827 1901 966 1961 fabulam
983 1906 1025 1966 Vl
1044 1908 1081 1967 de
1100 1911 1170 1970 Sole

126 2008 158 2051 et
177 1992 270 2050 lienis
292 1988 331 2048 ad
352 1987 501 2047 invidiam
526 1984 636 2065 Sejano
664 1984 836 2045 faciendam
859 1990 1060 2066 pertinuisse3
1084 1995 1170 2074 quod

128 2080 266 2152 Liviam,
278 2079 340 2138 sive
352 2076 513 2149 Lirillam,
527 2075 619 2134 Drusi
633 2074 762 2132 Neronis
773 2074 950 2134 Germanici
964 2075 1071 2155 filiam,
1082 2083 1170 2160 Caio,

127 2170 258 2252 Augusti
271 2170 393 2251 nepoti,
407 2188 480 2226 mox
496 2165 612 2238 Druso,
624 2163 737 2222 Tiberii
753 2161 834 2238 filio,
852 2178 998 2246 nuptam,
1019 2191 1109 2230 ausus
1124 2193 1170 2232 es·

129 2274 175 2319 set
188 2277 317 2318 uxorem
333 2256 392 2316 sibi
404 2254 559 2337 postulare
573 2251 623 2333 (d),
640 2264 670 2310 et
689 2254 743 2311 ista
757 2253 927 2312 ambitione
944 2269 1008 2314 tam
1027 2259 1174 2321 insolenti

126 2347 216 2429 vulgi
227 2366 401 2419 rumorem,
418 2344 524 2404 odium
542 2363 719 2425 procerum,
737 2343 850 2402 Tiberii
868 2344 962 2425 ipsius
983 2349 1170 2429 suspiciones

127 2438 293 2497 excitasset.
306 2436 409 2511 Quam
420 2434 601 2494 sententiam
613 2430 670 2492 hac
682 2432 772 2492 video
784 2433 843 2491 niti
856 2433 1105 2515 interpretatione
1116 2438 1170 2519 (5).-

130 2552 146 2580 α
175 2524 297 2584 Liviam
325 2521 476 2582 adulterio
500 2536 676 2602 corruperat
704 2519 850 2600 Sejanus,
876 2522 1110 2606 perpuleratque
1136 2541 1174 2586 ut

127 2617 267 2675 Drusum
290 2614 452 2685 maritum,
473 2610 587 2669 Tiberii
608 2608 708 2669 filium
728 2612 786 2690 (6),
809 2630 927 2670 veneno
946 2612 1014 2670 tolli
1038 2615 1168 2675 sineret:

129 2718 222 2785 atque
243 2702 336 2761 ambo
355 2714 565 2783 speraverant,
585 2718 705 2760 moram
724 2718 849 2758 omnem
868 2698 960 2757 fuisse
982 2698 1041 2761 boc
1060 2703 1170 2763 scelere

129 2791 302 2864 sublatam,
315 2810 377 2870 quo
392 2789 495 2847 minus
509 2787 639 2847 celebres
654 2785 762 2845 fierent
773 2786 890 2868 nuptiae
904 2810 910 2844 :
924 2802 956 2846 at
969 2809 1065 2864 ranae,
1081 2791 1112 2850 id
1126 2806 1170 2851 cst

128 2882 279 2941 universae
293 2877 419 2937 familiae
434 2896 586 2950 romanae,
603 2897 734 2957 quarum
753 2875 819 2950 Sol,
839 2873 981 2955 Sejanus,
1000 2899 1108 2938 omnes
1128 2880 1172 2939 la·

129 2992 199 3043 cus,
213 2968 246 3027 id
268 2982 313 3026 est
331 2988 438 3027 omnes
456 2966 580 3039 domos,
595 2963 805 3037 exhauriebat,
829 2966 951 3039 lovem,
968 2966 1000 3024 id
1018 2980 1060 3025 est
1081 2967 1170 3026 Tibe-

130 3061 230 3130 rium,
249 3053 365 3115 efficaci
386 3053 510 3114 tandem
534 3053 657 3134 querela
681 3067 934 3125 commoverunt,
960 3068 993 3111 ut
1015 3054 1172 3113 nefarium

129 3150 288 3228 inceptum
307 3143 527 3203 disturbaret.»
547 3144 616 3220 Qua
633 3142 740 3201 fabula
754 3141 845 3215 lecta,
864 3141 1026 3202 excanduit
1045 3142 1171 3223 Sejanus

129 3236 165 3294 in
178 3232 346 3305 ultionem,
361 3251 519 3310 quumque
531 3230 725 3289 intellexisset
739 3227 902 3287 Phaedrum
916 3228 1023 3288 fabula
1037 3229 1091 3289 lib.
1104 3233 1128 3305 l,
1143 3252 1170 3306 a,

128 3320 169 3381 de
192 3320 287 3380 llanis
309 3339 411 3399 regem
432 3318 618 3400 petentibus,
641 3319 742 3399 ipsum
757 3336 881 3397 carpere
894 3316 1067 3389 Tiberium,
1091 3317 1172 3376 forte

129 3410 244 3494 cupide
265 3409 427 3490 arripuerit
448 3409 536 3467 istam
555 3407 747 3466 occasionem
776 3404 941 3465 ulciscendi
967 3402 1113 3484 injuriam
1135 3423 1171 3465 ex

130 3500 227 3560 altera
240 3497 355 3558 fabella
374 3518 472 3578 nuper
490 3511 662 3579 acceptam,
681 3509 711 3553 et
729 3510 895 3568 accusator,
915 3496 996 3557 sestis
1016 3515 1050 3553 ac
1061 3493 1172 3575 judex,

129 3590 211 3650 laesae
226 3586 391 3668 majestatis
410 3607 497 3646 reum
512 3587 553 3668 (7)
572 3584 737 3645 Pbaedrum
755 3584 904 3643 damnare
923 3586 1060 3644 tentavit.
1075 3587 1172 3667 Atque

164 3748 205 3820 (ι)
215 3747 272 3799 Lib.
280 3748 313 3811 V,
324 3747 387 3798 Fab.
400 3764 431 3812 x,
446 3746 478 3799 ad
490 3746 626 3800 Philetum.
708 3744 746 3817 (6)
754 3746 874 3811 Tacitus,
884 3744 901 3796 l.
913 3763 935 3796 c.
947 3762 1005 3814 cap.
1018 3744 1049 3810 3,
1064 3746 1094 3810 8,
1110 3745 1169 3799 coll.

163 3828 203 3898 (a)
216 3829 292 3878 lianc
302 3828 456 3878 sententiam
468 3840 556 3879 tuetur
565 3829 630 3878 Des·
673 3842 732 3896 cap.
745 3843 790 3894 9...
805 3840 843 3874 ιι.

130 3906 253 3961 billonius
265 3907 339 3976 Disp.
351 3907 394 3956 cit.
406 3926 433 3977 p.
445 3922 486 3973 xi,
498 3905 544 3957 ubi
553 3905 619 3958 ride.
707 3902 746 3975 (7)
756 3902 948 3968 Tacit.,Aunal.
957 3900 1000 3951 lib.
1016 3903 1040 3967 Ι,
1050 3920 1072 3952 c.
1087 3920 1128 3971 72,
1139 3903 1172 3955 de

164 3986 205 4057 (3)
214 3989 288 4057 Disp.
299 3987 343 4036 cit.
355 4004 381 4055 p.
392 4001 417 4035 x.
673 3984 778 4036 Tiberio
795 3984 905 4055 loquens
921 4004 927 4032 ι
947 3983 1053 4056 lapara,
1072 3985 1172 4055 inquit,

166 4068 207 4138 (4)
215 4069 337 4133 Tacitus,
351 4062 444 4116 Annal.
457 4063 501 4114 lib.
514 4066 557 4131 lv,
569 4082 627 4136 cap.
673 4061 1169 4134 majestatisreduxcmt.coll.Desbillon.

131 4149 181 4218 39,
192 4147 235 4212 (ο.
675 4145 849 4214 Disputation.
868 4141 902 4194 de
915 4144 968 4193 vita
979 4139 1092 4208 Phaedri,
1109 4158 1170 4211 pag.

167 4227 207 4293 (5)
217 4221 392 4277 Desbillonius
403 4222 420 4274 l.
433 4241 457 4275 c.
469 4242 495 4296 p.
508 4240 533 4274 x.
677 4237 692 4274 x
705 4242 758 4294 seq.

207 4336 228 4369 1,
991 4326 1003 4356 2
