2820 5018
361 486 639 554 contentus
662 488 1056 561 MANUSCRlPTIS.

324 636 397 706 sepe
408 632 548 686 versiculos
558 636 727 704 interponens
737 655 823 703 meos,

324 712 461 779 Quasdam
471 714 522 763 tuis
532 714 607 783 quasi
616 711 724 764 insidias
735 713 849 766 auribus.

325 791 396 844 Solet
405 795 503 863 quippe
509 794 602 862 juvare
610 794 660 843 ista
672 795 791 845 varietas.

325 873 380 924 llos
390 876 412 923 si
421 871 505 942 leges,
515 870 636 923 laetabors
648 874 687 924 sin
698 887 786 925 autem
795 876 893 942 minus,

325 949 465 1002 Habebunt
476 965 560 1017 certe,
570 970 623 1024 quo
633 969 661 1004 se
671 950 802 1006 oblectent
813 958 918 1024 posteri.

324 1032 350 1083 N
352 1048 403 1081 unc
406 1067 920 1087 ..............................

326 1109 397 1159 Breti
405 1144 889 1163 ............................

324 1185 393 1252 Quia
406 1205 460 1237 uste
468 1206 485 1237 v
490 1222 869 1240 ......................

322 1267 442 1319 Affectus
451 1287 535 1339 prope
541 1306 901 1322 .....................

323 1346 541 1420 Calumniamque
551 1348 618 1400 lictis
625 1384 879 1404 ...............

323 1427 413 1481 Redeo
423 1420 492 1480 unde
502 1427 609 1481 discessi
617 1467 889 1484 ................

322 1509 401 1560 Hunc
410 1507 556 1561 obtrectare
566 1512 587 1560 si
596 1507 665 1561 volet
675 1508 755 1581 malig
760 1547 873 1564 .......

323 1589 420 1640 lmitari
429 1587 492 1640 dum
501 1607 555 1641 nou
564 1591 662 1660 possit,
671 1590 800 1643 obtrectet
809 1590 884 1645 licet„

322 1664 388 1717 ldihi
399 1684 493 1736 magna
503 1664 561 1718 laus
573 1681 625 1733 est,
636 1668 706 1741 quod
716 1682 759 1734 tu,
770 1668 841 1742 quod
850 1669 957 1723 similes.
969 1709 975 1721 .
985 1708 992 1720 .
1001 1705 1012 1721 .

322 1744 436 1797 Labores
446 1744 556 1798 libenter
565 1743 652 1817 legant
662 1766 746 1820 usque
756 1767 837 1800 meos.

322 1823 474 1895 Dignosque
484 1823 561 1896 longa
568 1824 687 1896 judicent
697 1829 831 1879 memoria.

321 1903 430 1974 Semper
439 1905 532 1975 fugate
541 1904 601 1976 plus
611 1910 733 1958 vetustati
742 1909 812 1959 favet

322 1982 419 2033 invidia
430 1982 550 2050 mordax,
561 2002 640 2055 quam
649 1984 725 2037 bonis
735 1984 913 2056 praesentibus.

216 2102 255 2161 ln
276 2102 390 2183 quibus
410 2102 500 2164 facile
522 2119 657 2165 versatus
678 2107 712 2165 in
731 2104 863 2165 Pbaedro
883 2105 979 2165 lector
999 2103 1225 2187 deprehendet,

174 2210 248 2272 quae
262 2191 403 2252 Perottus
416 2214 452 2252 ex
470 2193 705 2281 praefationibus
720 2195 774 2254 lib.
790 2196 832 2254 lll
847 2210 876 2255 et
891 2197 933 2254 lV
952 2197 993 2275 (1)
1012 2196 1044 2254 in
1064 2215 1135 2254 suos
1153 2214 1225 2253 usus

176 2280 383 2355 transtulerit,
404 2283 487 2343 unde
503 2285 595 2344 etiam
613 2284 757 2365 quaedam
781 2285 958 2345 immutasse
976 2297 1006 2344 et
1026 2283 1225 2365 interpolasse

178 2370 342 2430 constabit.
361 2373 487 2432 Utinam
503 2394 575 2433 vero
595 2374 730 2454 integros
742 2374 904 2454 Prologus.
918 2374 971 2434 lib.
987 2375 1024 2448 V,
1039 2393 1159 2446 versus,
1172 2371 1224 2452 qui

177 2455 274 2518 bodie
296 2461 519 2542 corruptissimi
541 2461 815 2536 circumferuntur,
835 2463 965 2522 dedisset
982 2463 1147 2544 exquibus
1166 2473 1225 2519 tres

175 2549 236 2609 sibi
248 2551 381 2630 sumpsit
394 2554 444 2630 (a).
458 2553 540 2612 llinc
552 2553 736 2633 sequebatur
748 2551 854 2611 fabula
867 2552 905 2611 de
915 2554 1017 2636 Vulpe
1031 2568 1060 2613 et
1069 2552 1162 2610 Simia
1174 2550 1224 2629 (3).

178 2641 278 2701 Porro
291 2641 351 2699 tria
361 2640 491 2701 disticha
499 2643 624 2723 elegiaci
637 2643 798 2714 carminis3
811 2642 954 2725 deinceps
963 2643 1077 2703 fabula
1091 2663 1127 2702 ex
1139 2639 1225 2699 Phae·

177 2727 236 2788 dro
255 2741 286 2787 et
304 2729 423 2788 Avieno
439 2731 529 2789 nobis
548 2731 695 2810 cognite,
715 2729 879 2809 interjectis
898 2730 1171 2812 epigrammatibus
1185 2727 1222 2786 ad

177 2816 281 2874 varios
291 2837 298 2873 :
309 2817 440 2898 exempli
450 2819 563 2897 gratia,
574 2816 613 2876 ad
626 2819 760 2876 amicum
777 2818 830 2898 qui
844 2819 1033 2878 calculorum
1046 2815 1121 2876 ludo
1135 2815 1223 2874 abeo
1311 2860 1318 2880 ,

179 2906 277 2965 rictus
289 2927 408 2966 anseres
420 2907 498 2966 duos
517 2928 588 2966 cum
602 2906 695 2989 pullis
707 2907 860 2966 anniculis
874 2910 1011 2981 miserat3
1033 2908 1223 2987 epigramma

179 3016 242 3076 quo
263 3016 383 3056 anseres
403 2995 448 3055 illi
468 2997 655 3078 loquuntur;
675 2996 785 3055 deinde
800 2999 990 3078 epigramma
1007 2994 1045 3055 ad
1058 2994 1223 3054 Adrionum

179 3085 363 3145 contrariom
371 3083 569 3144 Venetumde
578 3083 692 3143 divitiis
704 3097 734 3142 et
743 3097 921 3166 paupertate
930 3107 937 3156 ;
945 3082 1032 3165 jocus
1040 3081 1079 3142 ad
1086 3080 1224 3141 Theodo-

179 3190 247 3232 rum
259 3171 535 3253 impudicissimus,
550 3192 606 3231 nec
621 3193 693 3231 sane
708 3171 819 3252 dignus
832 3174 974 3253 episcopo
985 3193 992 3243 3
1005 3184 1150 3251 praterea
1162 3169 1224 3249 epi-

178 3279 319 3337 gramma
330 3256 369 3316 ad
379 3258 541 3319 Nicolaum
554 3258 580 3315 V
593 3256 789 3341 pontificem
801 3255 987 3340 apostropha
1000 3255 1038 3315 ad
1051 3258 1159 3315 urbem
1172 3255 1223 3313 Vi-

178 3348 329 3420 terbium,
341 3359 371 3407 et
383 3348 445 3407 alia
461 3348 605 3428 quadam
624 3350 736 3407 inserta
752 3347 940 3427 legebantur.
958 3347 1097 3427 Triginta
1109 3344 1171 3403 fere
1191 3346 1221 3403 in

180 3433 232 3493 illo
246 3434 352 3494 codice
363 3455 398 3493 ex
409 3433 555 3509 Phaedro,
566 3449 600 3494 ut
610 3457 693 3495 nunc
707 3434 870 3509 habemus,
882 3435 1045 3516 descriptas
1057 3431 1222 3514 depreben-

179 3518 223 3578 dit
242 3522 439 3580 burmannus
458 3521 592 3594 fabulas;
614 3522 734 3582 nullam
752 3542 824 3581 vero
841 3543 876 3580 ex
889 3522 969 3581 libro
986 3522 1103 3603 primo,
1120 3519 1172 3578 sed
1186 3539 1221 3577 ex

180 3623 314 3688 quatuor
327 3608 444 3669 ultimis
454 3611 604 3690 quasdam
615 3632 690 3691 quas
703 3611 784 3670 idern
799 3611 845 3668 vir
861 3609 968 3669 doctus
983 3609 1091 3669 ordine
1108 3628 1164 3666 suo
1182 3627 1223 3664 re·

181 3695 309 3766 censuit,
325 3707 368 3767 et,
383 3695 496 3775 siquid
513 3699 666 3757 varietatis
686 3710 869 3771 occurreret,
889 3697 946 3756 sub
958 3696 1052 3756 finem
1071 3694 1223 3778 praefatio·

182 3783 225 3839 nis
242 3780 404 3839 adnotavit
416 3783 556 3842 breviter.
569 3785 658 3843 llecte
671 3796 772 3843 autem
790 3784 931 3866 optabat,
946 3797 981 3842 ut
994 3783 1089 3842 codex
1105 3780 1223 3840 fabula·

184 3888 263 3943 rum,
286 3868 370 3927 unde
385 3870 526 3930 Perottus
546 3892 600 3930 sua
620 3872 788 3948 transtulit,
808 3886 942 3932 servatus
960 3873 992 3931 iu
1007 3871 1111 3952 aliqua
1127 3867 1220 3928 ltaliae

213 4027 252 4100 (1)
267 4028 327 4080 Vid.
347 4029 414 4082 Prol.
435 4032 482 4097 ΙΙΙ,
500 4049 547 4102 29,
564 4032 612 4099 31,
630 4032 680 4098 32,
721 4029 752 4104 9ss
773 4032 860 4100 (Alias
876 4032 1001 4104 Prologus
1021 4035 1054 4100 V,
1073 4033 1112 4083 ld.
1127 4031 1220 4091 Poeta,

186 4103 547 4176 ³3‚37;Prot.1V,15‚16,
564 4126 602 4180 17.
722 4115 752 4177 8,
764 4114 803 4183 9).

214 4185 252 4257 (2)
265 4185 391 4255 Prologus
403 4190 446 4253 lV,
464 4205 508 4258 19,
521 4187 606 4255 (Alias
619 4192 681 4240 Pro·
757 4192 795 4262 (3)
805 4191 864 4242 vid.
880 4190 1000 4262 Append.
1014 4191 1153 4241 Burmanni
1168 4186 1220 4237 inb.

185 4261 254 4335 lsgus
277 4268 311 4331 V,
346 4267 400 4335 19)
432 4267 558 4340 Prologus
585 4272 618 4335 V,
652 4272 681 4334 8,
722 4266 1219 4337 XXll,etllomulus,lib.lll,F.Xl'll.
