2820 5018
302 465 367 526 ΑΙ)
390 461 676 528 raonoouu
703 463 795 527 mu.
821 465 870 528 ιι.
1047 471 1109 557 527

62 616 132 656 ets.
147 597 179 673 3,
190 596 251 659 buc
264 599 506 676 trahendam,ut
518 602 556 661 sit
568 601 646 660 ordo
658 626 665 661 :
678 618 772 683 genus
785 603 963 664 mortalium
976 610 1114 667 contine-

62 699 115 746 tur
123 688 266 770 exemplis
276 692 390 773 AEsopi3
401 689 534 773 exempla
545 711 655 751 vocare
667 702 804 773 poetam,
817 712 885 771 quae
897 715 968 754 mox
976 692 1114 759 fabulas:

61 779 91 836 τὸ
106 781 270 837 continetur
282 780 421 839 absolute
434 782 524 863 poni,
538 802 609 862 pro,
623 783 800 842 continetur
813 782 845 842 in
861 781 980 859 officio,
995 807 1115 848 coerce·

62 878 129 940 tur,
139 866 280 943 docetur,
296 873 336 930 ita
348 872 528 930 Ciceronem
548 896 561 925 u
573 890 675 951 regere
684 884 712 929 et
722 872 881 930 continere
890 874 1087 954 appetitiones
1097 901 1111 931 o

61 952 179 1014 dixisse.
198 958 234 1015 In
250 959 355 1018 eadem
370 961 519 1019 sententia
535 972 607 1018 sunt
622 960 839 1039 lloogstratan.
851 959 941 1018 Wolf.
959 962 1112 1023 Santoroe.

61 1042 200 1103 Xoerber.
218 1046 349 1106 Richter.
367 1047 470 1107 Barth.
489 1048 564 1107 rldv.
582 1049 666 1121 XIX,
685 1067 737 1121 ar,
755 1050 786 1108 it.
802 1048 840 1107 ad
856 1049 928 1107 Stat.
941 1047 1035 1108 Theb.
1053 1051 1112 1125 XI,

64 1127 117 1189 551
128 1173 136 1203 ,
149 1133 280 1193 maxime
292 1135 425 1208 Gudius,
438 1139 491 1216 qui
504 1157 590 1196 suam
603 1134 633 1193 h.
647 1134 665 1193 l.
677 1136 961 1216 interpretationem
971 1134 1047 1196 alios
1057 1138 1113 1197 sibi

61 1215 229 1278 vindicasse
238 1220 320 1281 dolet
331 1225 387 1300 (r):
403 1225 530 1282 Gronov.
537 1247 548 1296 ;
563 1223 696 1301 demque
708 1221 744 1283 cl.
760 1244 819 1282 uon
832 1226 943 1303 Berpen
954 1224 1027 1284 Crit.
1041 1225 1113 1285 Obs.

63 1323 129 1385 cap.
142 1308 257 1382 XXIX,
272 1331 341 1390 pag.
359 1312 396 1391 59
411 1332 474 1392 sqq.
487 1315 541 1392 qui
555 1311 659 1371 locum
675 1313 717 1369 ita
730 1312 950 1391 interpretatur
960 1333 966 1368 :
978 1312 1115 1393 exemplis

63 1392 125 1454 sive
136 1394 248 1455 fabulis
258 1401 360 1480 AEsopi
371 1404 533 1460 continetur
542 1402 575 1459 in
589 1397 693 1459 officio
706 1420 796 1479 penus
810 1398 984 1457 mortalium
995 1424 1003 1474 ς
1016 1422 1115 1482 quum

63 1494 153 1542 antea
167 1485 300 1560 dixisset,
317 1489 399 1569 quod
415 1491 545 1564 mireris,
558 1509 662 1547 veram
677 1488 912 1569 expositionem,
926 1489 960 1546 in
974 1510 1034 1570 qua
1050 1512 1116 1551 ont·

63 1590 117 1630 nes
143 1573 335 1654 adquiescere
358 1579 488 1659 possint,
510 1578 652 1637 nondum
673 1597 734 1636 esse
756 1580 923 1635 inventam.
946 1613 983 1621 -
1005 1580 1115 1660 Negari

62 1659 146 1720 baud
158 1678 268 1743 potest,
281 1668 411 1728 verbum
421 1672 564 1728 continere
576 1670 736 1749 proprium
747 1686 808 1726 esse
818 1668 1047 1745 magistrorum,
1060 1673 1115 1750 qui

61 1753 202 1831 regendae
215 1769 245 1814 et
256 1757 429 1817 erudienda,
440 1758 595 1840 juventuti
609 1769 755 1838 praesunt.
766 1756 834 1815 Vid.
848 1756 928 1830 loca,
941 1776 1009 1836 qum
1023 1758 1115 1818 affert

63 1836 200 1899 Gronov.
214 1843 246 1901 in
257 1846 324 1903 Not.
337 1843 495 1919 Sabellam,
508 1845 585 1906 Gell.
599 1845 635 1903 N.
649 1846 682 1902 Α.
696 1843 780 1917 XIX,
797 1864 825 1917 ¹3
839 1844 940 1903 Grau.
955 1843 993 1902 ad
1009 1844 1069 1904 Cic.
1086 1847 1114 1921 I,

63 1923 103 1983 de
114 1924 177 1985 Off.
195 1929 228 2003 6,
247 1952 276 2012 p.
293 1933 339 1991 26.
355 1932 425 1993 coll.
441 1935 509 1993 Not.
526 1931 606 1991 Gud.
622 1933 720 2010 Atque
735 1931 827 1989 etiam
842 1932 1038 1990 Burmannus
1057 1951 1115 1991 no·

49 2025 109 2089 ,tat
120 2015 289 2096 elegantem
301 2022 385 2081 verbi
397 2024 537 2081 contineri
548 2018 818 2100 significationem,
831 2038 901 2099 pro,
914 2020 947 2076 in
960 2016 1062 2079 officio
1074 2040 1116 2079 re.

62 2100 169 2177 tineri,
186 2105 299 2182 doceri,
317 2109 447 2170 laudans
460 2109 527 2168 Val.
540 2108 664 2167 Maxim.
679 2109 722 2180 II,
736 2126 762 2180 1,
775 2126 808 2182 a,
821 2118 851 2165 et
866 2106 918 2180 IV,
932 2126 983 2180 111,
1002 2127 1045 2165 rr.
1058 2108 1114 2168 Sed

62 2210 154 2272 penus
165 2216 222 2275 pro
236 2197 374 2260 humano
388 2220 497 2282 genere
510 2200 606 2259 eidem
619 2210 698 2257 recte
709 2197 823 2256 durum
835 2207 864 2254 et
877 2195 1057 2256 inusitatum
1071 2200 1114 2257 ri·

64 2275 165 2356 detur,
178 2288 332 2369 praecipue
346 2290 434 2348 initio
451 2288 605 2347 carminis.
618 2284 726 2344 Nullus
742 2285 825 2343 enim
842 2283 1028 2343 aGronovio
1040 2307 1113 2366 pro-

65 2362 174 2428 ductus
189 2371 273 2433 locus
289 2378 330 2454 (2)
347 2377 471 2459 probat,
483 2396 587 2458 qenns,
606 2374 742 2433 absolute
757 2374 903 2454 positum,
920 2383 950 2430 et
968 2373 1032 2431 sine
1047 2377 1115 2453 qui·

63 2451 195 2518 busdam
211 2462 278 2523 aliis
294 2466 432 2541 vocibus,
447 2486 516 2547 quar
531 2465 579 2524 rel
598 2463 813 2546 praecedentes,
826 2461 874 2522 .vel
890 2474 1047 2545 sequentes
1065 2483 1113 2523 os·

64 2544 210 2624 tendunt,
225 2554 274 2633 agi
289 2554 327 2615 de
340 2577 449 2635 genere
462 2555 617 2627 humano,
632 2552 803 2633 significare
818 2572 914 2632 genus
928 2550 1112 2612 humanum.

63 2632 183 2718 Reliqui
198 2644 280 2703 enim
295 2650 455 2730 scriptores
471 2646 518 2706 vel
530 2645 650 2706 addunt
667 2663 784 2725 semper
796 2642 962 2715 hominum,
976 2642 1023 2701 vel
1038 2663 1115 2704 mor-

64 2721 137 2797 tale,
155 2726 331 2809 burrianum,
345 2738 391 2797 vel
408 2737 504 2797 simile
519 2735 609 2818 quid,
629 2748 682 2794 aut
701 2735 725 2792 si
742 2732 881 2793 absolute
899 2748 1033 2813 ponant,
1050 2753 1114 2793 non

63 2807 156 2893 longe
170 2832 242 2877 ante
260 2820 375 2902 aliquid
395 2824 559 2906 praecessit,
581 2833 635 2879 aut
651 2840 721 2879 mox
743 2819 895 2899 sequitur,
916 2817 1000 2876 unde
1020 2817 1117 2879 lector

64 2899 190 2981 colligat
206 2906 306 2984 facile,
323 2911 361 2971 de
377 2910 515 2971 humano
529 2929 637 2990 genere
650 2910 708 2989 agi.
724 2906 856 2978 Deinde,
871 2917 906 2964 ut
919 2925 975 2984 ego
988 2905 1115 2985 'quidem

64 2987 213 3068 arbitror,
228 2994 297 3055 duta
315 3000 378 3057 ista
396 3000 568 3071 sententiae,
585 3016 680 3077 genus
701 2994 874 3052 humanum
892 2992 1066 3051 continetur
1081 2994 1114 3052 in

65 3075 188 3154 officio,
200 3096 251 3142 se'u
263 3085 402 3162 docetur,
415 3101 444 3147 et
459 3108 543 3147 error
554 3084 734 3144 mortalium
746 3082 921 3160 corrigitur,
934 3078 1034 3159 quoad
1047 3101 1115 3139 sen-

65 3182 136 3223 sum
148 3187 214 3228 non
230 3172 364 3232 multum
378 3173 519 3248 differre,
534 3187 563 3233 et
575 3192 675 3231 unum
687 3170 828 3250 idemque
837 3179 946 3227 notare
957 3165 1116 3242 videntur,

65 3253 142 3315 adeo
154 3259 291 3340 quidem,
306 3276 341 3322 ut
350 3284 423 3323 vero
435 3285 501 3323 non
514 3263 551 3323 sit
562 3260 675 3334 simile,
686 3256 834 3341 quidquid
847 3255 1032 3335 obloquatur
1042 3255 1115 3315 doc·

65 3346 198 3410 tissimus
214 3373 273 3410 von
286 3357 399 3435 Beryen
412 3353 432 3414 l.
447 3375 473 3413 c.
487 3357 516 3413 τὸ
530 3373 620 3435 penus
633 3371 682 3424 eo,
697 3369 759 3431 quo
774 3367 841 3406 non
856 3345 946 3427 paue'i
962 3345 1116 3427 Interpre-

66 3446 110 3494 tes
124 3437 252 3514 volunt,
265 3462 354 3502 sensu
369 3462 429 3501 esse
442 3438 637 3523 capiendum.
651 3435 754 3496 Nihilo
766 3454 839 3495 vero
852 3433 946 3492 secius
959 3452 1049 3514 penus
1060 3455 1116 3515 pro

67 3542 177 3604 genere
187 3527 324 3591 humano
334 3533 426 3591 etiam
436 3531 574 3590 Gravius
584 3530 679 3610 capit,
689 3524 818 3585 laudans
830 3521 989 3581 Heinsium
1002 3522 1034 3580 in
1046 3524 1118 3582 Ani-

67 3615 228 3678 madversa.
244 3619 281 3679 ad
295 3621 395 3681 Senec.
407 3623 497 3700 Trag.
510 3642 527 3678 a
540 3618 685 3678 Scriverio
696 3614 783 3674 editis
795 3632 824 3694 p.
838 3608 895 3685 345
909 3630 967 3692 sq.,
980 3622 1009 3669 et
1023 3612 1117 3693 expli-

67 3722 141 3763 cans
155 3703 275 3768 Phaedri
290 3709 392 3769 locum
405 3708 525 3783 eodem,
540 3727 604 3790 quo
619 3702 789 3765 Schefferus
805 3712 834 3761 et
847 3699 1036 3772 Gronovius,
1049 3719 1115 3758 mo·

67 3791 121 3852 do.
129 3792 198 3854 vid.
208 3792 301 3880 Epist.
312 3798 425 3859 Graerii
436 3799 474 3859 ad
484 3798 549 3859 Nic.
560 3796 663 3857 Heius.
672 3842 679 3869 ,
689 3795 722 3853 in
732 3789 902 3852 Burmanni
915 3788 1025 3870 Syllog.
1037 3789 1117 3870 Epp.

105 3928 307 4003 (1)Explicabat
319 3939 371 3988 ita:
383 3955 464 4008 genus
475 3950 572 3988 morta·
612 3932 750 3997 SchellerI,
768 3931 879 3982 maxime
898 3923 1052 3987 Burmanni,
1071 3925 1116 3993 qui

69 4008 135 4063 lium
148 4013 307 4080 continetur,
323 4030 458 4068 coercetur
472 4018 497 4067 in
513 4016 573 4067 offi-
613 4014 666 4065 sic:
683 4036 694 4058 ι
706 4024 744 4062 tot
760 4012 856 4061 frustra
870 4003 998 4075 explicare
1017 4019 1118 4051 conan-

70 4097 112 4148 eio
133 4093 258 4165 exemplis
275 4095 378 4168 AEsnpi,
395 4098 411 4147 i.
432 4113 454 4146 e.
472 4093 573 4148 labcIIIs
613 4105 655 4143 tur
669 4089 736 4141 illud
747 4088 838 4158 AEsopi
850 4082 980 4171 (genus),
994 4078 1064 4151 quod
1075 4079 1116 4130 fa-

71 4171 209 4245 AEtopicis·
614 4172 688 4223 cinus
706 4180 744 4220 est
765 4164 929 4218 librariorum
945 4157 1015 4211 aliud
1036 4174 1115 4227 agen-

106 4254 146 4326 (a)
158 4251 247 4307 videri
263 4251 322 4306 loca
335 4264 447 4326 possunt
464 4256 490 4304 in
509 4254 572 4306 Not.
615 4252 711 4303 tium.¹
