2820 5018
114 422 123 449 Ι

403 464 496 531 LIB.
520 467 575 546 11,
598 467 694 532 FAB.
719 468 781 534 Vl.

67 595 221 686 Opimam
234 625 311 669 sane
324 607 468 695 praedam
480 611 616 697 rapuisti
629 611 809 699 unguibus,

68 704 148 785 Sed,
163 711 224 773 nisi
237 729 437 792 monstraro,
451 715 532 803 quid
545 717 587 781 sit
599 717 787 783 faciendum
799 717 873 796 tibi,

69 809 168 875 Gravi
181 816 406 905 nequidquam
418 834 451 883 te
462 819 594 885 lassabit
606 819 763 908 pondere.

69 918 229 986 Promissa
241 943 349 1011 parte,
363 903 493 1008 suadet',
507 943 544 992 ut
557 929 729 1018 scopulum
742 952 841 1019 super
916 931 918 934 ’

66 1023 149 1088 Altis
163 1026 203 1091 ab
215 1033 308 1094 astris
322 1031 438 1097 duram
450 1033 555 1099 illidat
567 1037 738 1114 corticem,

67 1129 141 1213 Qua
153 1139 354 1203 comminuta
367 1141 462 1205 facile
473 1157 623 1207 vescatur
634 1142 718 1207 cibo.

67 1305 113 1353 Nil.
126 1321 204 1357 contra
216 1315 334 1362 advolans.
345 1341 378 1353 -
389 1316 411 1365 ll.
424 1321 529 1381 aprunam.
541 1321 602 1368 Male
613 1322 724 1369 Romulus
736 1324 826 1369 Divisa.
838 1321 901 1368 mm.
914 1333 937 1369 et
948 1320 1059 1368 Romulus
1070 1323 1114 1368 Ni-

67 1377 131 1426 lantii
144 1387 262 1446 optimam,
277 1403 342 1434 more
354 1388 515 1448 hunnorum,
533 1396 573 1454 qui
584 1409 654 1440 voces
667 1396 767 1440 rariores
779 1397 803 1439 in
814 1393 917 1454 vulgatas
929 1397 1011 1456 saepius
1025 1407 1116 1441 mutare

69 1447 158 1507 solent,
173 1468 194 1497 v.
207 1456 286 1501 Burm.
302 1456 384 1503 Codex
399 1458 487 1506 Perotti
497 1460 567 1508 babet
578 1477 584 1506 :
597 1466 705 1525 aponum,
719 1466 801 1526 fraqast,
812 1465 921 1524 proedam.
934 1464 979 1509 Sed
995 1479 1050 1509 sane
1060 1478 1115 1511 reu·

68 1522 173 1569 ”endum
185 1538 232 1581 0⁸¹2
247 1543 299 1572 111111
311 1531 365 1589 quis
375 1524 403 1574 ‘ri
418 1533 492 1595 inquit
502 1548 563 1594 sape
579 1537 662 1581 omitut
673 1534 797 1591 Phaedrus,
811 1547 860 1581 tum
872 1536 938 1598 quod
948 1548 1017 1597 auget
1031 1539 1117 1583 oratio-

67 1603 124 1636 ncm
140 1597 245 1641 cornicis.
258 1599 362 1659 Opimam
374 1615 429 1646 saue
445 1603 514 1648 etiam
529 1602 613 1664 legitur
628 1606 651 1649 in
665 1604 714 1650 eliis
729 1604 792 1651 libris
807 1608 905 1667 scriptis.
917 1631 949 1642 -
963 1621 997 1650 so.
1013 1605 1113 1652 lassabit.

67 1663 105 1707 Sic
117 1677 179 1710 rccse
191 1683 203 1711 e
215 1669 278 1714 MSS.
291 1671 371 1727 Gudii,
385 1674 400 1716 i.
414 1688 436 1717 e.
451 1674 509 1720 Pitb.
522 1676 682 1738 reponendum
691 1677 780 1738 judicat
792 1680 840 1723 lac.
854 1680 957 1723 Gronov.
971 1690 997 1723 ut
1007 1679 1056 1739 ipsa
1068 1690 1115 1724 tes·

67 1732 127 1776 tudo
138 1734 232 1782 lassaret
242 1739 358 1785 ferentem
369 1741 477 1802 aquilam.
490 1747 515 1790 ln
528 1745 596 1791 Fditt.
609 1745 726 1801 Neveleti,
736 1748 812 1791 Ursin.
825 1745 898 1792 Ricbs.
913 1745 994 1806 Rigalt.
1010 1748 1114 1792 Gronov.

67 1801 205 1851 liittershus.
221 1806 309 1855 scheff.
321 1810 464 1857 Freinshem.
479 1814 551 1860 Bentl.
564 1816 643 1862 Didot.
659 1829 693 1863 est
706 1815 811 1872 lassata,
826 1816 903 1878 quod,
917 1815 969 1861 lieet
979 1827 1056 1876 potest
1070 1816 1115 1861 de-

68 1870 146 1930 tendi,
164 1889 187 1922 et
206 1894 231 1922 se
245 1877 346 1937 lassare,
364 1882 460 1944 fatigare
473 1887 522 1930 sine
536 1886 717 1948 reprehensione
731 1889 776 1934 dici
790 1888 889 1935 ostendit
903 1888 1062 1942 bumannum
1077 1887 1115 1933 bic

69 1952 148 2025 ⁸[ersten
160 1948 257 2007 gaudet,
269 1967 294 1996 se
305 1954 328 1997 in
340 1953 443 2000 Editioue
453 1957 535 2017 majori
547 1957 684 2004 obsecutum
693 1959 764 2005 luisse
775 1961 837 2005 MSS.
851 1974 924 2020 quum
935 1958 1019 2003 deinde
1031 1970 1054 2003 et
1065 1959 1115 2018 jsm

10 2088 12 2093 .
68 2028 92 2060 ln
104 2018 161 2063 Cod.
175 2022 225 2067 Per.
239 2022 342 2080 lassauit,
353 2041 397 2086 pro
410 2025 502 2072 lassabit
512 2026 556 2089 legi
567 2030 664 2076 videret.
675 2057 705 2067 -
718 2047 759 2088 ss,
775 2048 810 2077 rs.
824 2034 851 2077 fli
863 2046 943 2077 sersus
954 2032 977 2075 in
990 2030 1048 2076 Cod.
1062 2031 1114 2075 Per.

68 2087 99 2131 ita
112 2087 261 2139 exhibentur:
272 2097 383 2156 promissa
395 2108 473 2160 parte,
485 2100 569 2145 vadens
581 2109 607 2146 ut
616 2102 720 2166 scapulos
731 2118 800 2165 super
810 2102 847 2147 Ab
858 2105 925 2147 astris
936 2103 1020 2147 duram
1028 2099 1113 2157 ills'dat,

70 2167 156 2212 ml,
165 2165 276 2208 aoru'cem.
284 2191 315 2201 -
325 2166 444 2230 s3.facs'1e.
452 2171 487 2214 stc
494 2170 646 2218 edidieMSS.
654 2173 713 2219 Pitb.
722 2174 786 2220 Rem.
795 2185 818 2219 et
825 2171 882 2219 eod.
892 2174 977 2218 Perott.
988 2172 1023 2217 lta
1032 2171 1112 2217 Nesei.

70 2305 198 2374 aientem,
220 2312 310 2381 paullo
328 2327 389 2385 post
405 2329 493 2369 autem
507 2337 571 2389 pro·
609 2320 684 2391 plura
700 2334 776 2383 suut;
790 2319 839 2372 alia
851 2321 925 2373 corio
937 2331 962 2371 et
975 2317 1030 2390 pilo
1045 2319 1113 2369 inte·

71 2387 131 2456 pins
144 2395 282 2445 accessisse
297 2408 322 2446 et
328 2397 403 2464 juxta
416 2397 526 2449 volasse.
609 2411 720 2469 guntur,
736 2413 765 2451 ut
779 2399 867 2462 vituli;
885 2398 936 2450 alia
952 2399 1063 2462 cortice,
1082 2409 1112 2448 ut

107 2467 131 2518 8.
151 2471 266 2540 rapuisti.
284 2473 342 2523 vid.
366 2473 398 2526 ad
413 2473 458 2527 lib.
473 2479 498 2542 1,
514 2475 569 2527 fab.
610 2478 784 2530 testudines·
800 2480 885 2529 Etiam
894 2476 1112 2543 Martial.lib.X,

71 2548 121 2613 lX,
134 2550 165 2616 6,
178 2565 202 2602 et
212 2553 284 2619 xm,
301 2571 341 2607 ss.
609 2559 698 2628 Epiqr.
712 2558 760 2627 37,
774 2571 900 2609 memorat
911 2556 1016 2609 couclsoe
1028 2553 1111 2606 levem

111 2645 151 2682 ro.
165 2631 350 2703 nequidquam.
362 2635 421 2686 Vid.
434 2635 468 2687 ad
479 2634 523 2687 lib.
535 2638 571 2702 11,
611 2640 739 2690 corticem.
751 2636 810 2689 Alia
823 2635 882 2688 loca
893 2635 1017 2708 produxit
1026 2634 1112 2705 Rigal-

69 2707 124 2759 tab.
144 2709 176 2773 V,
195 2710 235 2775 ²4·
248 2741 284 2752 -
299 2723 323 2763 te
340 2711 454 2778 lassabit,
474 2713 571 2766 scilicet
612 2715 671 2766 tius.

70 2790 185 2842 testudo.
649 2794 689 2846 13.
704 2805 820 2847 >vescatur
829 2796 893 2847 cibo.
915 2796 1005 2863 Quum
1018 2791 1044 2847 sl
1056 2796 1111 2849 cibo

111 2888 138 2921 ιι
162 2890 200 2942 sq.
222 2874 349 2926 Promissa
368 2887 443 2945 pasta
464 2875 570 2947 praedae,
611 2885 763 2943 opponatur
771 2874 862 2923 cortici
873 2876 1111 2944 comminutae‚po·

69 2949 161 3003 madet
179 2952 276 3002 cornix.
295 2982 331 2991 -
344 2952 478 3024 scopulum
497 2973 573 3025 super
610 2964 661 3002 test
674 2951 718 3002 hic
732 2953 792 3020 capi
808 2970 857 3020 pro
874 2969 951 3001 carne
966 2951 1110 3004 testudinis.

69 3029 166 3081 illidat.
177 3029 217 3078 De
225 3027 325 3100 aquila,
336 3030 477 3083 testudines
484 3046 572 3102 raptas
611 3030 697 3080 Innuit
706 3032 774 3080 enirn
782 3030 886 3092 cornix,
896 3027 1023 3099 aquilam,
1034 3030 1055 3080 si
1064 3029 1112 3081 du·

69 3109 222 3177 frangente,
234 3126 248 3160 e
260 3108 363 3159 sublimi
371 3109 509 3178 jaciendo,
521 3109 571 3161 vid.
611 3125 667 3157 ram
682 3108 806 3157 corticem
820 3125 900 3177 super
912 3106 1050 3176 scopulum
1063 3107 1112 3158 illi·

70 3187 137 3239 Plin.
151 3185 279 3251 lib.X‚c.
291 3187 316 3237 3.
329 3189 389 3238 Haec
400 3206 441 3238 res
451 3187 573 3260 AEschylo
612 3184 686 3248 serit,
710 3183 779 3234 facili
801 3185 908 3254 negotio
929 3186 999 3238 vesci
1018 3204 1111 3255 posse,

71 3282 156 3340 poetae
186 3279 296 3317 mortem
326 3269 432 3332 accivit,
464 3268 573 3320 testibus
613 3263 685 3336 quod
699 3265 769 3314 intus
783 3266 860 3329 sit,i.
878 3283 900 3315 e.
917 3264 984 3316 cibo:
998 3264 1039 3316 Sic
1054 3264 1112 3319 val.

72 3345 174 3398 AEliano
191 3346 218 3395 in
235 3347 266 3395 Η.
284 3346 316 3396 Α.
329 3347 390 3410 Vll,
411 3345 455 3412 16,
473 3359 498 3396 et
514 3345 571 3397 Val.
612 3345 683 3395 Max.
694 3343 754 3394 loco
769 3342 858 3414 paullo
874 3358 933 3396 ante
946 3346 1041 3396 citato:
1054 3369 1065 3393 s
1076 3343 1114 3398 la·

72 3428 143 3480 Max.
158 3426 201 3478 lib.
217 3427 265 3492 IX,
283 3445 306 3478 c.
326 3427 443 3491 12,Ext.
463 3445 487 3479 a.
502 3425 574 3478 Idem
613 3421 668 3494 pidi
690 3440 748 3472 earn
767 3422 958 3494 (testudinem)
978 3423 1062 3491 illisit,
1084 3441 1115 3478 ut

72 3508 105 3560 de
121 3507 235 3561 cochleis
252 3521 340 3560 namet
356 3506 450 3560 AElian.
465 3506 510 3559 lib.
526 3509 574 3574 ΙΙΙ,
613 3503 696 3552 fracta
721 3520 800 3552 carne
820 3516 997 3554 vesceretur.»
1021 3506 1114 3575 ltaque

72 3606 96 3639 c.
109 3605 155 3652 20,
170 3583 304 3654 πιρὶζῶων.
316 3616 349 3626 -
360 3586 429 3640 Altis
442 3587 473 3638 ab
487 3589 572 3652 astris,
612 3599 663 3632 vos
684 3582 739 3632 cibo
757 3599 811 3632 uon
828 3582 999 3636 videturesse
1014 3586 1114 3648 otiosa;

72 3668 176 3738 poetice
190 3666 303 3731 dietum,
319 3685 383 3735 pro,
398 3685 429 3717 es
444 3664 573 3717 altissimis
613 3664 683 3713 conl.
695 3663 725 3711 V.
736 3663 764 3712 L.
777 3664 857 3714 Recte
869 3664 946 3734 igitur
957 3663 989 3715 cl.
1003 3665 1113 3718 Sattler:

72 3745 130 3799 ctcli
144 3746 241 3816 plagis,
254 3745 382 3798 esublimi
395 3764 463 3798 aere.
477 3775 513 3785 —
525 3746 574 3797 du·
613 3743 681 3794 deun
689 3742 996 3808 wc'irdiezerscbmettert,
1007 3745 1114 3816 seys'lsm

72 3845 130 3878 ram
159 3827 285 3877 corticem.
315 3828 449 3877 Feminino
478 3845 573 3897 genere
612 3822 658 3873 der
668 3822 1049 3876 Genussdestleisctesleicts.
1062 3826 1113 3876 Eo·

73 3901 164 3974 (quod
182 3906 281 3974 rarius)
303 3907 405 3976 posuit,
426 3921 456 3957 ut
475 3920 498 3957 et
521 3904 571 3957 alii.
613 3902 672 3955 dem
682 3903 760 3955 modo
771 3905 840 3975 cepit
855 3902 981 3955 Albinus:
996 3901 1051 3976 afirs
1065 3923 1115 3976 que

73 3984 133 4035 vid.
147 3982 181 4034 ad
194 3983 268 4036 ovid.
282 3986 344 4037 Met.
355 3987 400 4051 IV,
411 3986 471 4056 375.
483 3986 571 4036 Burm.
612 3981 701 4035 s’etaut
717 3985 808 4051 brisee,
825 3984 876 4037 elle
887 3989 938 4054 pas
954 3986 1077 4038 nameus
1089 4004 1116 4038 se

73 4062 238 4114 -corticem
253 4082 302 4134 pro
317 4078 396 4129 testa,
409 4084 433 4115 v.
450 4063 483 4114 ad
495 4082 531 4115 vs.
548 4064 572 4116 5.
613 4062 716 4113 noueris·
727 4061 759 4112 de
775 4080 803 4113 ce
817 4065 863 4135 qui
877 4064 938 4115 ltos't
957 4062 1059 4114 dedans.
1078 4092 1114 4103 -

74 4142 225 4195 Schellems
241 4140 331 4195 laudat
347 4143 411 4194 Plio.
427 4143 459 4195 ll.
476 4142 509 4193 N.
528 4141 572 4193 lib.
613 4137 795 4213 [comminuta.
807 4144 855 4192 fflc
865 4141 946 4195 altum
955 4141 1030 4195 silent
1039 4144 1115 4194 inter·

74 4223 124 4288 tx,
137 4240 160 4274 s.
176 4237 204 4273 sa
218 4243 224 4271 ι
241 4221 413 4292 saquatiliusn
425 4233 573 4290 tegumenta
613 4237 708 4292 pestes.
719 4213 842 4275 Attamen
850 4223 930 4294 digna
938 4224 1102 4279 annotationi
1201 4262 1206 4269 .
