2820 5018
471 434 588 499 VITA
611 432 828 497 PHAEDlll.
1132 435 1169 503 15

127 582 248 640 curarit
264 576 503 651 instituendum,
522 589 552 635 et
568 574 792 634 manumissum
814 572 953 634 libertate
972 573 1101 637 donavit
1119 580 1170 657 (ι).

129 667 250 725 Litteris
264 680 366 724 autem
387 664 490 723 latinis
511 664 617 722 Romae
632 661 788 720 imbutum
806 659 900 719 fuisse
918 659 1100 739 Phaedrum,
1120 666 1170 726 vel

127 772 166 811 ex
177 752 267 834 Epil.‚
283 753 350 811 Lib.
363 752 422 824 111,
434 770 463 808 v.
479 750 516 809 33
531 769 574 828 sq.
586 747 673 825 (alias
681 747 749 807 Lib.
762 746 816 820 lV,
828 747 922 821 XXV,
935 749 986 825 33,
1000 748 1055 829 34)
1071 766 1172 833 potest

103 866 107 873 ·
127 839 277 921 intelligi,
291 859 354 919 quo
368 839 437 897 loeo
449 857 486 895 ex
499 837 592 894 Ennii
604 832 739 915 Telepho
757 854 877 893 versum
888 853 1055 913 memorat,
1075 857 1169 921 quem

126 948 158 987 se
170 948 305 1012 puerum
314 925 476 1009 quondam
491 924 597 1004 legisse
610 937 747 996 testatur,
758 919 850 1001 hujus
862 927 1037 987 sententia:

270 1075 359 1129 Palam
368 1079 463 1129 mutire
472 1074 576 1148 plebeio
585 1072 720 1147 piaculum
729 1085 776 1124 est.

125 1216 199 1274 lam
214 1238 287 1278 vero
308 1222 333 1280 si
354 1219 581 1304 perpendamus
599 1218 751 1299 scripsisse
772 1230 894 1299 poetam
914 1215 1035 1278 fabulas
1054 1219 1169 1299 latine,

127 1303 147 1360 i.
159 1323 186 1361 e.
202 1322 430 1368 sermoneterso
443 1322 534 1388 atque
545 1305 644 1387 polito
654 1349 663 1379 ,
675 1305 879 1385 eumdemque
892 1326 979 1365 usum
987 1328 1049 1366 esse
1060 1329 1170 1389 genere

126 1390 251 1453 dicendi
267 1397 400 1480 simplici
423 1410 452 1456 et
473 1396 587 1469 faceto,
609 1408 741 1453 veterem
761 1395 968 1454 urbanitatem
992 1396 1167 1459 redolente:

127 1482 179 1540 vix
199 1482 345 1544 credibile
363 1499 416 1560 est,
436 1486 571 1566 aliquem
592 1482 631 1543 ad
648 1483 741 1543 talem
754 1485 903 1544 sermonis
923 1484 1011 1544 latini
1027 1488 1166 1568 peritiam

127 1568 243 1630 alicubi
264 1575 423 1655 pervenire
443 1575 596 1654 potuisse,
610 1572 667 1629 nisi
690 1574 809 1646 llomae,
822 1588 853 1631 et
870 1571 966 1653 longo
985 1574 1110 1654 quidem
1128 1578 1168 1637 ab

126 1658 255 1719 ineunte
273 1664 403 1743 pueritia
416 1683 473 1721 usu
487 1662 536 1739 (a).
556 1660 724 1735 Quomodo
742 1680 843 1719 servus
857 1660 954 1721 factus
973 1664 1012 1721 sit
1022 1666 1169 1746 Augusti,

125 1744 227 1807 fateor
243 1771 292 1810 me
311 1754 435 1811 nescire.
456 1750 511 1809 Sed
524 1750 654 1809 dubium
668 1764 839 1832 potestesse
855 1749 991 1826 nullum,
1005 1753 1167 1815 Octavium

125 1834 299 1914 Augustum
310 1852 466 1912 nostrum,
480 1858 576 1918 quum
592 1836 801 1917 perpolivisset
813 1836 918 1896 litteris
930 1839 1104 1918 ingenium,
1118 1843 1170 1904 ad·

125 1921 255 1980 seruisse
270 1921 417 1999 libertati,
431 1938 521 2005 atque
538 1922 614 1982 adeo
629 1921 793 1981 l'lraedrum
809 1922 927 1981 Octavii
939 1927 1065 2006 Augusti
1077 1928 1170 1990 fuisse

125 2006 285 2069 libertum.
299 2012 335 2070 ln
348 2010 434 2071 libris
447 2014 530 2071 euim
545 2009 722 2068 fabularum
737 2008 818 2068 MSS.
832 2012 975 2090 expressis
996 2014 1094 2074 verbis
1106 2018 1170 2075 Au·

126 2099 205 2175 gusti
226 2112 354 2159 vocatur
378 2100 504 2160 libertus
528 2100 578 2177 (3).
601 2096 656 2156 Sed
680 2098 844 2156 Octavium
867 2099 1037 2177 Augustum
1062 2102 1170 2163 intelli-

127 2185 265 2263 gendum
286 2210 368 2263 esse,
383 2191 464 2249 testis
475 2203 519 2248 est
535 2189 597 2269 ipse
616 2185 761 2246 Phaedrus
778 2206 953 2247 memorans
969 2188 1084 2250 litema
1104 2191 1170 2253 divo

128 2275 261 2355 Augusto
273 2275 488 2358 dijudicatam,
501 2276 615 2336 addens
626 2297 633 2334 ε

271 2436 406 2505 Narrabo,
416 2440 541 2490 memoria
551 2435 623 2509 quod
632 2437 731 2487 laetum
740 2449 780 2487 est
789 2453 846 2487 mea
855 2434 902 2507 (4).

129 2576 200 2637 Non
215 2580 306 2659 pauci
318 2594 421 2639 tamen
437 2593 509 2640 suut
529 2581 581 2660 qui
597 2577 763 2638 Pbaedrum
782 2578 952 2636 libertatem
972 2577 1094 2637 'liberio
1110 2581 1170 2639 Au·

128 2678 220 2741 gusto
233 2664 345 2725 debere
360 2670 533 2726 existiment
545 2667 599 2744 (5);
614 2687 631 2724 a
647 2665 759 2746 quibus
783 2678 860 2723 recte
879 2662 1017 2722 dissentit
1033 2665 1172 2726 Desbillo·

130 2755 197 2811 nius
208 2752 263 2831 (6),
281 2758 334 2835 qui
356 2771 465 2838 praeter
484 2769 679 2835 argumenta,
696 2768 725 2812 et
742 2775 759 2811 a
774 2774 822 2812 me
835 2752 941 2833 paullo
960 2766 1031 2811 ante
1047 2768 1170 2829 notata,

129 2836 190 2898 lroe
205 2842 237 2898 in
251 2842 387 2902 medium
408 2843 554 2925 protulit:
568 2868 583 2898 a
599 2839 693 2916 Mihi,
708 2843 817 2920 inquit,
838 2837 1013 2918 conjectura
1031 2839 1069 2898 de
1081 2841 1170 2901 Octa-

130 2926 183 2985 vio
199 2926 294 3007 longe
311 2931 504 3010 probabilior
519 2930 648 2989 ridetur.
666 2930 788 2987 Etenim
814 2928 990 2986 manumitti
1008 2925 1172 2987 Phaedrum

130 3016 269 3093 oportuit
284 3017 326 3074 ob
340 3017 525 3097 elegantiam
539 3018 672 3095 ingenii,
689 3015 897 3093 sermonisque
912 3013 1000 3071 latini
1012 3016 1171 3094 peritiam:

129 3121 207 3181 quas
217 3115 296 3161 artes
306 3117 335 3162 et
349 3105 501 3186 profuisse
513 3105 629 3164 nemini
643 3103 725 3186 apud
739 3101 916 3173 Tiberium,
930 3096 1042 3159 horum
1054 3115 1173 3181 tempo-

129 3209 200 3247 rum
212 3187 341 3251 historia
356 3197 428 3253 satis
441 3193 590 3268 ostendit,
603 3206 632 3252 et
644 3193 749 3273 aliquo
764 3192 813 3249 six
830 3187 993 3248 inhonore
1008 3188 1101 3247 fuisse
1117 3189 1172 3251 illo

129 3292 294 3356 regnante,
308 3282 457 3355 versibus,
471 3280 580 3363 Sejano
602 3278 703 3340 adhuc
724 3277 883 3361 superstite
899 3277 1089 3356 compositis,
1109 3278 1172 3359 ipse

162 3465 324 3538 (t)llarlesii
333 3474 414 3526 Notit.
427 3476 542 3527 Litterat.
554 3476 628 3527 Rom.
675 3470 820 3524 Botricbius
834 3469 866 3521 de
881 3472 952 3520 Poet.
969 3488 995 3539 p.
1013 3468 1060 3529 55;
1075 3468 1177 3539 lipsius

126 3567 154 3621 p.
168 3550 237 3615 ⁴353
250 3554 349 3605 Curtius
360 3554 376 3604 l.
391 3575 413 3606 c.
426 3575 452 3626 p.
464 3556 524 3608 350.
676 3554 709 3604 ad
718 3554 807 3605 Seuer.
818 3549 923 3602 Consul.
935 3548 1023 3620 Polyb.
1035 3567 1057 3599 e.
1068 3549 1174 3615 XXVll,

162 3628 204 3697 (a)
211 3630 365 3683 Besbillouii
372 3635 444 3704 Disp.
453 3636 496 3684 cit.
505 3634 582 3703 p.vt,
590 3652 628 3705 sq.
674 3631 824 3683 Buelmerus
834 3632 907 3682 Orat.
920 3629 950 3678 T.
964 3629 999 3691 ll,
1011 3630 1056 3680 Or.
1070 3646 1099 3693 a,
1111 3628 1171 3679 coll.

162 3707 204 3777 (3)
216 3710 245 3759 ln
256 3710 321 3760 (lod.
336 3711 427 3763 l‘itlroei
439 3715 563 3783 scriptum
575 3725 628 3763 est:
673 3713 750 3763 Fabri
762 3711 839 3762 Thes.
854 3709 945 3759 vocab.
954 3707 1093 3767 t’taedruu
1102 3722 1128 3760 et
1138 3710 1171 3763 A.

130 3786 236 3838 Phaedri
247 3788 316 3862 Aug.
331 3790 383 3842 la'b.
395 3791 517 3842 seeumlus
529 3791 628 3859 incipit.
673 3791 773 3842 Sebotti
789 3788 889 3840 obsera.
906 3789 935 3838 1..
951 3789 986 3851 ll,
1004 3805 1061 3857 rap.
1082 3804 1126 3857 19,
1143 3803 1173 3841 ut

129 3870 161 3918 V.
172 3868 241 3920 Gutl.
256 3871 285 3920 ln
296 3872 342 3923 MS
352 3874 423 3923 llem.
437 3886 505 3943 post.
519 3872 546 3921 b.
557 3873 587 3921 V.
600 3872 628 3921 F.
675 3872 792 3920 omittam
802 3867 875 3919 alios.
886 3865 1003 3936 Morbos.
1014 3865 1046 3916 de
1056 3868 1170 3921 l‘atarin.

130 3948 162 3999 X.
176 3948 275 4002 l’haerlri
286 3950 353 4024 Aug.
364 3949 448 4002 liberti
456 3952 519 4002 liber
528 3951 632 4021 quirites
675 3953 738 4002 Livii
747 3971 773 4021 p.
789 3950 845 4019 157,
855 3949 935 3999 haeret
944 3945 1174 4017 ambiguus,l'ha¹·

130 4028 236 4099 explicit
241 4029 367 4100 feliciter.
376 4030 433 4081 Vid.
447 4032 515 4081 Brut.
676 4033 750 4083 drum
761 4031 892 4083 Libertum
901 4028 1018 4103 Augusti,
1028 4026 1068 4080 vel
1079 4027 1172 4081 Tiberii

165 4108 206 4177 (d)
217 4111 272 4161 Lib.
285 4113 332 4175 lll,
343 4112 371 4161 F.
385 4112 422 4175 x,
433 4113 464 4175 8,
476 4111 519 4179 39.
677 4110 819 4183 appellans.

167 4194 207 4263 (5)
215 4191 364 4263 Sebrffeuu
372 4194 400 4245 iu
408 4194 459 4244 va.
470 4189 578 4243 Pbadri.
589 4191 630 4248 Ol.
711 4190 750 4260 (a)
760 4191 833 4260 Disp.
847 4190 889 4242 cit.
902 4206 929 4259 p.
941 4202 985 4237 vn.
