2820 5018
179 485 242 568 554
354 483 639 550 SUPPLENDA
660 482 721 547 ET
744 483 1085 549 EMENDANDA

178 644 272 706 opere
288 625 440 706 originem
453 621 587 694 duxisse,
602 619 791 681 differentias
806 635 925 682 autem
938 644 1061 684 comm
1074 624 1242 706 scripum

178 702 372 774 multitudini
388 710 587 793 Imputandas
600 731 677 785 esse,
691 712 745 792 qui
757 710 892 771 diversis
909 712 1120 794 temporibus
1131 713 1240 785 stlatis,

178 815 209 860 et
225 802 355 884 ingeniis
373 815 402 861 et
420 799 541 874 studiis,
561 813 730 860 metrorum
749 800 1080 882 elegantissimorum
1095 817 1187 884 partes
1200 823 1240 860 ra·

180 892 256 964 rias,
269 913 326 974 pro
337 891 427 951 libitu
437 911 491 950 suo
502 893 648 972 quisque,
658 893 691 950 in
702 911 826 972 prosam
835 890 1069 962 traducendas
1078 907 1237 954 sumserunt

181 980 298 1060 Nempe
311 1001 485 1061 numquam
499 1000 567 1039 non
579 981 612 1039 in
625 978 736 1041 scholis
749 980 983 1043 Graeculorum
999 982 1125 1043 factum
1138 1005 1193 1044 esse
1203 984 1238 1042 ri·

180 1065 283 1143 detur,
301 1069 387 1151 quod
400 1069 621 1129 Grammaticis
637 1070 698 1128 suis
711 1068 760 1129 vel
776 1069 919 1130 maxime
937 1074 1148 1133 commendat
1161 1074 1235 1150 Quin

120 1146 124 1157 '
180 1154 306 1217 silianus
324 1158 348 1217 1.
363 1158 400 1219 0.
416 1159 444 1233 l,
458 1179 495 1237 9:
516 1182 530 1213 s
541 1154 726 1237 Adjicismns
742 1168 849 1217 tamen
868 1178 994 1218 eorum
1014 1180 1103 1221 curre
1119 1159 1231 1244 quadan

180 1241 302 1303 dicendi
314 1245 498 1328 primordia,
512 1245 625 1326 quibus
641 1256 742 1305 etates
757 1245 909 1307 nondum
927 1244 1101 1309 rhetorem
1112 1250 1230 1332 capiam

181 1332 354 1395 instituant.
377 1335 474 1417 Igitur
494 1337 593 1416 AEsopi
608 1331 753 1419 fabellas,
777 1354 847 1415 quae
872 1334 1004 1397 fabulis
1034 1337 1227 1399 numerurm

181 1423 322 1505 proxime
337 1424 520 1499 succedunt,
538 1443 667 1484 narrare
680 1444 820 1484 sermone
835 1444 942 1507 puro,
965 1440 1003 1487 et
1023 1428 1108 1488 nihil
1123 1450 1150 1490 se
1160 1447 1225 1508 supra

182 1513 314 1574 modum
328 1516 505 1589 extollente,
524 1514 636 1574 deinde
650 1515 790 1575 eamdem
804 1515 1027 1597 gracilitatem
1048 1518 1127 1601 stylo
1142 1519 1225 1599 erigere

182 1603 382 1664 condiscant:
402 1624 504 1665 versus
523 1603 623 1686 primo
647 1603 775 1679 solvere,
795 1624 873 1666 mox
895 1609 1039 1668 mutatis
1056 1610 1150 1670 verbis
1161 1611 1226 1667 inter·

207 1691 297 1750 retari
308 1714 315 1751 ε
328 1707 395 1753 tum
409 1691 589 1775 paraphrasi
602 1691 747 1752 audacius
759 1706 894 1768 vertere,
911 1712 982 1775 qua
993 1711 1027 1757 et
1037 1696 1228 1776 brexiamque

182 1711 257 1840 dam
270 1793 301 1841 et
315 1802 477 1858 exornare,
492 1781 576 1841 salvo
591 1780 686 1841 modo
700 1794 795 1862 poeta
812 1801 925 1856 sensu,
942 1787 1148 1866 permittitur.
1159 1781 1227 1860 Quod

184 1887 278 1950 opus,
289 1871 381 1930 etiam
391 1871 613 1931 consummatis
626 1867 844 1951 professoribus
856 1870 1016 1949 difficile,
1028 1876 1084 1956 qui
1096 1868 1228 1935 commode

184 1958 370 2030 tractaverit,
386 1958 559 2038 cuicunque
573 1956 717 2017 discendo
731 1955 876 2017 sufficiet.
888 1982 904 2014 n
924 1960 1084 2021 Huschke.

224 2042 258 2102 P.
274 2043 341 2105 226.
359 2045 460 2106 Editio
476 2045 593 2120 Babrii,
610 2058 737 2105 curante
754 2043 946 2125 Wilhelmo,
972 2051 1014 2108 V.
1033 2050 1092 2126 Cl.,
1108 2051 1137 2108 in
1153 2049 1227 2107 luctu

182 2128 362 2207 emittenda,
375 2132 491 2216 prodiit
502 2131 558 2195 suh
570 2134 660 2195 titulo
671 2157 678 2193 :
691 2133 793 2194 Rubrii
806 2132 943 2218 ejusque
956 2140 1126 2199 imitatoris
1138 2136 1230 2197 aare

185 2233 278 2303 atque
291 2222 512 2306 Epitomatoris
529 2226 640 2307 Ignatii
655 2222 831 2284 Hellenistae
852 2240 887 2285 et
902 2227 1116 2288 Grammatici
1130 2227 1230 2285 metrica

185 2306 311 2369 Fabella
321 2314 447 2395 AEsopioe
459 2334 495 2373 ex
508 2312 673 2373 duodecim
686 2310 784 2372 Codd.
799 2316 1103 2399 manuscriptorum
1116 2314 1170 2376 lide
1181 2333 1229 2372 nm

183 2419 255 2459 cum
267 2398 445 2482 fragmentis
456 2423 494 2461 ex
504 2402 597 2462 Suida
610 2402 737 2484 aliisque
748 2401 889 2464 collectis
901 2407 1055 2486 primum
1065 2403 1230 2487 conjunctim

183 2488 280 2549 editae.
296 2491 370 2552 Haec
387 2492 479 2552 editio
500 2506 613 2573 praeter
629 2492 689 2551 alia
705 2490 936 2573 complectetur
955 2498 983 2556 L
1002 2496 1128 2559 Fabulas
1143 2493 1230 2552 metri-

184 2599 247 2651 cas,
269 2602 286 2636 a
304 2579 411 2640 Babrio
431 2581 555 2660 ejusque
574 2582 727 2640 imitatore
744 2580 856 2639 Rubria
874 2585 1031 2666 scriptas3
1049 2585 1162 2644 LXXIII
1183 2583 1229 2638 Te·

184 2665 343 2740 trasticha,
359 2681 483 2726 auctore
494 2671 608 2747 lytratio
615 2693 625 2740 ,·
641 2671 823 2748 Fragmenta
838 2670 1025 2747 Babriana3
1038 2670 1144 2730 eSuitla
1157 2667 1228 2725 aliis·

184 2773 244 2835 que
258 2754 397 2827 collecta3
416 2756 538 2815 LXXIII
555 2757 743 2839 Epimythia.
758 2757 828 2815 Vid.
846 2759 951 2819 Intell.
974 2762 1024 2822 Bi.
1033 2760 1229 2848 fiirlittemlur

185 2843 248 2903 und
260 2848 366 2904 Kurtst.
384 2847 456 2906 551.
471 2868 500 2927 p.
519 2867 571 2926 71,
586 2847 658 2906 edit.
675 2849 756 2928 Lips.
776 2847 862 2905 1803.

225 2933 258 2991 P.
276 2932 347 3007 233,
363 2934 382 2993 Ι.
399 2937 450 3007 26,
466 2935 648 3015 legendum:
666 2937 714 2995 Sic
725 2935 915 2995 discernitur
930 2938 970 2998 in
986 2940 1079 3013 libro,
1091 2940 1142 3021 qui
1154 2945 1229 2997 exstat

185 3024 244 3083 sub
259 3023 367 3083 titulo:
385 3024 621 3105 Suppletnentum
634 3021 847 3105 Supplementi‚
866 3037 922 3084 etc.

226 3114 259 3171 P.
276 3111 348 3187 243,
366 3112 419 3171 lin.
441 3133 483 3190 ¹9·
502 3115 699 3172 Vincentium
714 3132 781 3171 non
798 3111 905 3171 solum
922 3115 1063 3197 Speculo
1080 3137 1134 3176 suo
1149 3113 1226 3173 aar

185 3199 263 3278 nali,
280 3223 388 3263 verum
404 3203 496 3262 etiam
512 3200 651 3263 historiali
666 3203 827 3262 inseruisse
842 3204 949 3263 XXIX
968 3209 995 3266 F
997 3207 1107 3267 abulas
1123 3204 1227 3283 ffisopias

185 3291 323 3365 Romuli,
346 3291 391 3349 vel
415 3291 544 3371 intelligi
567 3304 664 3373 potest
682 3313 699 3350 e
716 3288 903 3351 Praefatione
926 3310 1044 3354 nostra
1066 3295 1107 3354 ad
1126 3290 1226 3353 ronta

186 3380 328 3455 Ilomuli,
346 3381 398 3440 ubi
416 3381 494 3441 vide.

226 3468 258 3529 P.
277 3467 331 3545 244
351 3471 390 3530 ad
404 3493 510 3533 vocem
524 3467 658 3544 ostendit,
674 3471 730 3531 lin.
749 3472 1057 3548 12,observandnm
1069 3470 1225 3535 inlisus.

185 3554 245 3638 legi
261 3555 354 3631 oridit,
370 3558 400 3618 id
416 3575 473 3635 est,
488 3556 618 3619 ostendit.

226 3647 259 3703 P.
275 3643 346 3726 247,
370 3662 439 3727 post
458 3648 511 3707 lin.
532 3649 583 3720 28,
605 3646 700 3706 adde:
723 3646 842 3708 Judicia
862 3650 953 3709 varia
977 3650 1019 3712 de
1041 3651 1169 3711 Phaedro
1185 3645 1226 3723 legi

184 3747 311 3817 possunt
332 3737 364 3794 in
386 3736 465 3795 Edit.
486 3733 621 3809 Phaedri,
643 3749 747 3796 curata
768 3758 786 3796 a
805 3738 837 3796 P.
860 3739 1000 3813 Arenio,
1023 3740 1140 3800 Hamb.
1162 3738 1227 3814 167¹,

184 3820 271 3897 ind0,
296 3824 327 3881 in
348 3844 414 3882 men
431 3821 551 3881 Phaedri
571 3822 841 3900 editione,·Halac,
870 3842 983 3906 1779...
1010 3829 1105 3909 1781,
1127 3824 1189 3885 roll.
1204 3821 1226 3883 3.

184 3930 308 3988 excusa,
325 3910 378 3971 ubi
392 3910 454 3970 vid.
472 3910 529 3969 vol.
544 3911 571 3984 l,
585 3933 614 3993 p.
631 3930 701 3972 txxr
715 3933 779 3995 sqq.
793 3910 878 3972 Adde
890 3910 1052 3974 Morholii
1066 3913 1228 3995 Polyhistot.

183 4112 257 4161 nium
271 4123 377 4171 auct0r;
388 4109 460 4181 quod
472 4110 620 4163 Bentleiurn
632 4130 690 4162 cre·
731 4126 757 4165 ut
765 4131 792 4182 p.
804 4111 851 4177 41,
864 4111 938 4164 Harl.
956 4113 1087 4166 Huschke
1097 4115 1122 4163 in
1134 4112 1192 4162 uta.
1204 4104 1228 4154 ‘l‘

182 4190 292 4255 didisse,
309 4210 342 4243 uo
355 4192 499 4264 Tymhitto
516 4192 622 4264 quidem
634 4211 691 4245 cre-
731 4190 836 4244 Fabulis
846 4191 1020 4259 Archilochi,
1038 4197 1094 4265 p.8
1108 4211 1159 4262 usq.
1171 4184 1228 4240 Adde

183 4269 277 4325 dimus.
293 4269 352 4324 vid.
366 4272 434 4324 Diss.
449 4272 482 4325 de
495 4272 602 4338 Bebrio,
614 4293 640 4344 p.
656 4274 688 4327 ²8
732 4269 853 4325 eumdem
865 4273 952 4326 virum
962 4271 1083 4361 ¹(loetum
1094 4271 1111 4325 Ι.
1127 4290 1149 4323 c.
1163 4288 1186 4341 p.
1199 4281 1226 4317 ιο,
