2820 5018
175 432 240 495 520
390 400 395 415 '
539 420 806 486 exconses
828 422 860 485 x

174 577 274 646 mine,
287 590 363 654 pro,
376 566 414 629 ad
426 565 662 626 dissolutionem
676 583 799 645 cogere3
815 563 925 625 habere
936 569 975 625 in
988 568 1175 637 nominibus,
1186 584 1231 628 etc.

173 662 245 722 Vid.
257 660 341 720 Clav.
353 657 471 718 Ernesti
484 657 516 713 in
529 675 636 713 nomen
649 667 678 712 et
691 653 830 735 expedire.
844 657 990 734 Sponsus
1002 656 1152 738 improbes
1166 656 1231 716 idem

174 766 235 824 est,
249 749 333 832 quod
351 766 481 830 sponsor
496 743 584 802 malae
602 741 683 803 fidei.
701 742 895 804 Abstractum
911 766 977 826 pro
997 761 1159 806 concreto.
1174 750 1231 806 een

175 838 306 921 expedire
320 836 472 908 Pithoeus,
487 834 628 892 Gronov.
646 833 759 913 aliique
775 833 832 892 viri
849 832 938 893 docti
959 834 1141 917 explicant,
1156 856 1232 916 pecu·

175 931 261 989 niam
277 938 386 985 mutuo
402 938 556 1004 acceptam
572 921 689 981 solvere
702 935 731 980 ct
744 921 879 981 reddere.
896 923 959 982 Sed
976 925 1045 983 vid.
1061 925 1164 983 Notas.
1177 926 1231 982 ste

177 1016 207 1076 Ια
219 1015 311 1076 videre
322 1016 346 1073 si
360 1014 539 1085 retineatur,
551 1014 664 1092 exponi
676 1012 763 1070 debet
776 1032 830 1091 per
839 1033 1026 1092 procurare,
1040 1013 1081 1073 de
1092 1036 1152 1095 qua
1164 1011 1230 1071 verbi

177 1102 417 1185 significatione,
439 1099 520 1181 apud
539 1100 734 1173 Ciceronem,
749 1101 954 1176 Terentium,
973 1102 1074 1173 alios,
1098 1123 1160 1162 non
1174 1121 1230 1159 mro

178 1194 288 1265 obvia,
301 1194 498 1251 Burmannus
513 1188 617 1247 laudat
633 1190 737 1248 Heins.
753 1187 792 1247 ad
807 1189 904 1248 ovid.
922 1191 959 1266 l,
981 1193 1018 1250 A.
1036 1194 1072 1252 A.
1088 1214 1117 1250 v.
1132 1194 1191 1271 537,
1203 1205 1228 1248 et

176 1283 292 1341 Victor.
304 1279 342 1338 ad
356 1281 419 1339 Cic.
435 1281 494 1337 Att.
506 1279 543 1351 V,
555 1279 612 1359 Ep.
629 1298 653 1336 1.
667 1280 757 1337 Hunc
772 1279 805 1337 in
816 1299 913 1337 usum
926 1279 1051 1340 adduci
1066 1300 1225 1363 quoqueso·

175 1369 218 1429 let
232 1390 266 1428 ex
279 1370 337 1441 ΙΙΙ,
348 1370 436 1427 Tuse.
452 1370 566 1444 Quaest.
583 1364 697 1445 aliquid
709 1365 856 1425 videamus
871 1367 936 1427 eibi
944 1416 955 1442 ‚
975 1371 1036 1430 ubi
1051 1374 1088 1430 in
1103 1371 1224 1430 recentio-

177 1456 262 1516 ribus
276 1456 475 1515 Editionibus
489 1468 532 1513 est
544 1453 752 1533 provideamus.
766 1452 821 1513 Sed
835 1452 876 1512 de
890 1454 1047 1516 lectionis
1060 1457 1226 1538 vulgatere·

176 1547 266 1605 ritate
278 1551 387 1605 merito
403 1548 460 1604 viri
473 1544 555 1603 docti
569 1543 720 1602 dubitant.
736 1546 853 1602 Nomen
868 1542 973 1605 iocane
989 1545 1054 1607 hoe
1069 1570 1153 1607 sensu
1167 1549 1223 1605 imo

178 1632 278 1692 litum.
294 1634 455 1715 Sponsoris
467 1634 551 1691 enim
562 1633 663 1713 potius
674 1645 732 1704 est,
745 1652 839 1710 quam
851 1633 918 1691 veri
933 1634 1104 1694 debitoris
1111 1633 1224 1694 i'ixalie

179 1722 338 1781 invenitur
350 1721 389 1780 de
402 1720 540 1779 debitore
546 1744 557 1791 ,·
571 1733 614 1778 est
628 1721 711 1777 enim
726 1737 782 1799 pro
796 1719 860 1777 aiio
875 1740 1005 1780 nomen
1021 1744 1114 1782 suum
1128 1720 1223 1803 proiit>-

177 1811 206 1868 ri
221 1811 279 1888 (r);
296 1810 407 1869 deinde
423 1809 502 1868 maia
518 1807 610 1868 videre
626 1822 705 1867 recte
718 1821 912 1888 suspectum,
931 1832 994 1871 nec
1012 1816 1086 1872 satis
1102 1815 1223 1871 Iatinon

179 1898 277 1957 videri
291 1912 389 1980 potest
403 1901 453 1977 (2).
469 1899 570 1974 Quare
584 1899 679 1957 tutius
693 1896 853 1955 videbatur
872 1897 999 1959 Kohiio
1014 1901 1075 1979 (3),
1090 1901 1184 1961 iocum
1196 1902 1224 1957 ie

181 1987 349 2068 explicare:
363 2009 451 2067 quma
457 1987 616 2069 fraudator
624 1983 699 2045 ioeat
710 1986 921 2065 (commodat)
933 2012 1049 2050 nomen
1061 2013 1147 2050 suum
1157 1989 1224 2067 (alte

180 2078 209 2136 ri
226 2091 369 2136 mutuum
383 2075 502 2157 aliquid
517 2077 675 2153 sumturo)
691 2096 795 2156 spomu
811 2075 949 2155 improbo
967 2083 1154 2162 (sponsione
1164 2078 1225 2138 fratr

183 2164 342 2243 duienta),
360 2185 420 2223 non
439 2185 497 2222 rem
514 2163 645 2243 expedire
662 2161 815 2240 (debitum
828 2184 846 2221 a
859 2161 1012 2227 debitore
1027 2190 1093 2228 non
1110 2169 1223 2228 solutam

182 2252 354 2334 dependere
368 2251 522 2331 fidemque
536 2273 623 2311 snam
634 2252 796 2328 liberare),
809 2252 861 2310 sed
871 2252 962 2313 nmio
975 2255 1073 2316 videre
1083 2259 1193 2339 expetit(
1198 2277 1221 2315 ex

183 2340 325 2411 alterius,
339 2340 512 2415 creditoris,
527 2338 722 2398 incommodo
737 2358 827 2396 suum
841 2359 1036 2421 comparare
1051 2344 1095 2404 rei
1109 2365 1221 2404 eommo-

183 2426 278 2500 dum,
294 2427 340 2486 rei
362 2427 510 2507 gaudium
528 2425 654 2503 studet).
675 2427 775 2501 Quam
797 2425 1094 2505 interpretationem
1113 2430 1221 2489 illustrat

183 2513 284 2573 verbis
298 2515 360 2572 Cic.
378 2515 429 2587 ΙΙΙ,
448 2516 480 2571 in
494 2514 577 2570 Verr.
592 2510 647 2585 42,
667 2537 681 2567 a
693 2531 805 2570 nornen
822 2532 917 2570 suum
937 2515 1036 2576 alicui
1053 2517 1221 2577 commodare

185 2602 222 2660 ad
243 2601 477 2659 translationem
495 2603 655 2658 criminis»
675 2602 766 2676 (eines
781 2599 895 2658 oruiem
913 2604 1095 2663 Verbrechen
1109 2603 1215 2686 nafsrei

183 2687 334 2765 neddere).
351 2687 450 2744 Etiam
465 2686 510 2745 el.
521 2685 685 2746 Tzsehuck.
703 2688 858 2766 veipaiam
878 2688 1048 2752 lectionem
1063 2693 1125 2750 ferri
1140 2710 1214 2772 posse

184 2791 290 2862 putat,
308 2779 331 2835 si
349 2780 390 2836 ita
407 2775 586 2858 explicetur,
601 2791 635 2836 ut
652 2779 809 2838 fraudator
825 2780 863 2836 sit
879 2800 951 2841 non
970 2784 1100 2855 debitor,
1114 2803 1217 2851 catus,

184 2866 235 2927 sed
248 2887 389 2948 sponsor,
404 2869 422 2925 i.
435 2888 460 2924 e.
473 2866 577 2948 lupus,
590 2868 643 2946 qui
657 2888 745 2926 cervo
759 2867 879 2925 locabat
890 2889 1013 2930 nomen
1028 2894 1113 2932 suum
1124 2873 1219 2952 irnpro

186 2954 224 3013 ba
242 2954 416 3035 sponsione.

227 3046 300 3104 Haec
314 3060 393 3103 cene
407 3046 504 3121 magis
519 3043 698 3124 placebunt,
711 3065 805 3123 quant
819 3066 932 3125 parum
947 3049 1123 3129 probabilis
1134 3050 1219 3127 langii

185 3135 411 3214 interpretatio,
426 3132 478 3211 qni
496 3134 527 3189 in
543 3131 680 3211 Prolegg.
695 3132 732 3189 ad
746 3131 824 3190 Edit.
839 3132 967 3194 Phaedri
983 3159 1056 3217 pag.
1071 3138 1161 3205 xxii,
1171 3133 1220 3194 nd·

185 3237 289 3301 garam
301 3220 460 3279 lectionem
470 3216 557 3297 jubet
571 3222 691 3278 retineri
704 3218 763 3279 hoc
777 3241 886 3278 sensu:
905 3247 920 3276 a
934 3226 1008 3283 Wer
1021 3226 1131 3285 keinen
1143 3223 1221 3283 Credit

185 3306 241 3367 hat
257 3309 321 3366 und
340 3309 453 3387 bergen
469 3306 547 3380 wiii,
565 3307 627 3364 und
645 3328 696 3364 nni
714 3311 795 3366 scine
812 3307 939 3367 Absieirt
957 3333 996 3370 zu
1014 3312 1180 3384 erreichen,
1192 3312 1222 3369 ei·

186 3417 247 3456 nen
264 3396 437 3455 bekannten
451 3398 594 3475 Betriiger
605 3395 648 3453 ais
661 3398 780 3474 iiiirgcn
793 3398 979 3478 mitbringt,
991 3402 1051 3460 der
1066 3401 1177 3463 schadet
1186 3399 1224 3457 de

185 3480 283 3542 durch
296 3485 411 3541 seineni
426 3481 563 3542 oirnehin
578 3483 672 3542 sciron
687 3486 832 3563 peringen
845 3486 971 3546 Credite
983 3489 1071 3548 noch
1088 3488 1178 3557 mehr,
1189 3485 1223 3545 ais

184 3591 276 3629 wenn
291 3590 323 3626 er
334 3570 425 3627 aiiein
440 3570 544 3644 kr'irne,
561 3571 623 3629 und
640 3570 770 3631 scheinet
784 3593 813 3630 es
827 3573 1016 3635 absichtlich
1031 3578 1147 3637 darauf
1152 3594 1221 3635 anzu-

183 3657 290 3736 legen,
307 3655 360 3713 das
377 3653 519 3714 Gesclrtift
536 3657 622 3716 nicht
638 3680 673 3717 zu
691 3657 802 3717 Stande
822 3680 860 3717 zu
877 3659 1027 3742 bringen.
1042 3690 1057 3718 n
1077 3667 1134 3725 Cui
1149 3667 1222 3723 inter

185 3743 349 3826 pretationi
362 3741 521 3821 subjungit
534 3743 617 3804 heec:
634 3771 647 3799 a
658 3746 756 3806 Aiiein
773 3749 830 3806 wie
841 3749 879 3807 ist
894 3770 965 3809 nun
982 3751 1086 3813 dieser
1100 3756 1170 3813 Sine
1183 3750 1226 3810 aei

185 3835 253 3894 eine
265 3852 514 3912 ungezwungene
525 3835 577 3891 Art
586 3856 640 3893 aus
652 3836 707 3895 der
717 3836 955 3918 gewdhnlicheu
966 3843 1078 3903 Lesart
1086 3843 1186 3904 heraus
1196 3861 1225 3897 zu

221 4043 260 4112 (ι)
272 4037 413 4091 Scirirachii
425 4039 495 4093 Ciar.
510 4043 536 4093 P.
551 4045 573 4110 l,
584 4065 610 4115 p.
626 4046 686 4111 ¹4²3
702 4047 845 4098 Tzrehucie
857 4047 891 4099 ad
900 4049 926 4101 h.
939 4050 957 4101 Ι.

220 4121 260 4188 (2)
271 4120 370 4191 Lessinq
387 4138 432 4170 zur
443 4121 530 4173 Geseir.
544 4121 590 4173 der
597 4125 685 4195 AEsep.
700 4126 759 4176 Feb.
773 4144 798 4195 p.
814 4125 872 4188 aiii.

221 4201 259 4271 (3)
270 4201 298 4251 L.
312 4219 334 4250 c.
348 4201 486 4254 i’entadec.
501 4204 537 4270 ΙΙ,
549 4204 612 4256 Loe.
625 4221 647 4271 1,
660 4225 685 4276 p.
704 4223 751 4274 ¹²7
764 4224 820 4276 sqq.
