2820 5018
436 459 789 527 nntrrouraus.
933 496 937 503 -
1072 495 1132 564 „9

86 600 224 679 densis),
240 598 464 661 observationes
485 600 545 660 suis
563 600 637 663 locis
650 602 820 684 inserendi..
834 604 903 665 Non
916 626 1014 687 pauca
1028 621 1132 676 temen

87 692 148 753 sub
160 708 288 750 examen
303 689 420 764 vocavi,
438 704 468 749 et
484 690 557 773 quid
572 688 648 750 milri
663 691 833 767 videretur,
843 693 874 753 in
895 697 1073 778 supplendis
1084 721 1133 763 ex·

86 777 190 862 posui.
198 779 235 837 ln
247 776 375 837 citandis
387 791 417 836 et
429 776 618 836 inculcandis
627 779 783 861 praeceptis
793 783 998 859 grammaticis
1009 787 1134 867 praeive·

89 864 392 940 runtoditoridani,
401 867 435 925 in
445 867 515 925 Arte
522 869 633 947 poetica
642 868 763 945 mina,
773 870 971 944 oltrudem,
985 873 1023 934 de
1033 876 1134 940 studio

89 952 306 1013 Grammaticae
328 955 445 1013 Latine
466 952 613 1034 praeclare
623 955 761 1031 meritus,
781 976 914 1036 quorum
928 959 1015 1021 libris
1032 984 1136 1029 cerem

89 1064 159 1104 non
177 1057 320 1125 possunt,
335 1044 446 1125 quibus
459 1041 517 1102 hac
529 1043 663 1104 editione
677 1046 722 1104 uti
735 1045 847 1129 volupe
858 1061 910 1109 est.
926 1051 997 1127 Quo
1009 1053 1136 1133 quidem

91 1130 221 1190 nornine
245 1128 388 1189 laudibus
417 1128 569 1189 tollendus
593 1142 636 1189 est
659 1132 842 1214 anonymus
854 1157 863 1206 ;
893 1136 1029 1197 studium
1051 1140 1136 1203 enim

91 1219 309 1280 Grammaticus
326 1240 344 1278 a
362 1217 465 1277 multis
484 1231 589 1278 nostra
603 1232 691 1280 aetate
704 1220 851 1303 vilipendi
869 1223 946 1284 solet
959 1246 993 1286 ac
1007 1227 1135 1311 negligi,

92 1327 231 1388 quorum
240 1306 357 1365 incuria
370 1307 401 1367 in
411 1305 593 1387 prefatione
605 1320 683 1367 recte
693 1310 836 1390 carpitur.
849 1309 954 1373 Multis
966 1313 1041 1375 locis
1050 1313 1137 1377 th-
1209 1358 1214 1371 .

92 1392 187 1454 drum
205 1393 283 1452 bene
299 1393 512 1474 interpretatus
530 1405 574 1452 est
587 1392 704 1453 Editor.
723 1394 781 1453 Cui
791 1396 845 1454 etsi
864 1416 929 1457 non
944 1398 978 1463 in
991 1401 1136 1463 omnibus

93 1482 237 1544 accedere
253 1482 337 1555 licet3
356 1495 458 1541 tamen
476 1503 540 1542 non
556 1503 693 1565 possum,
708 1485 784 1566 quin
798 1483 920 1545 laudem
932 1501 962 1546 et
976 1490 1136 1570 ingenium

93 1585 125 1632 et
139 1570 327 1652 diligentiam
340 1571 406 1629 viri.
423 1571 515 1630 Anxie
531 1583 648 1629 secutus
660 1584 703 1629 est
717 1585 832 1631 textum
847 1568 1033 1652 Burmanni;
1048 1599 1136 1641 nam.

93 1682 156 1740 que
172 1661 194 1719 si
216 1673 293 1719 recte
307 1661 447 1734 memini,
468 1661 516 1717 vix
534 1659 625 1718 semel
644 1661 816 1741 iterumque
834 1661 872 1721 ab
892 1685 929 1722 co
950 1667 1082 1740 recessit,
1102 1667 1136 1730 in

93 1767 161 1828 quo
171 1767 221 1805 me
234 1768 299 1807 non
310 1745 404 1807 babet
414 1747 634 1807 assentientem.
651 1745 766 1827 Adjecit
780 1747 953 1809 multorum
969 1754 1138 1816 verborum

93 1834 331 1917 etymologiam
344 1835 373 1894 id
384 1835 468 1917 quod
483 1851 603 1909 metuo,
617 1856 657 1895 ne
670 1834 774 1895 multis
787 1836 951 1919 displiceat.
968 1841 1137 1918 Editiones‚

92 1944 113 1982 e
131 1923 244 2003 quibus
270 1923 406 2005 profecit,
427 1925 493 1984 non
517 1922 671 1982 indicavit.
693 1924 837 1985 Ceterum
855 1924 932 1985 liber
959 1948 1138 2011 non-panca

93 2014 245 2087 continet,
261 2032 329 2094 quse
340 2015 450 2074 rectius
469 2013 615 2072 abessent.
629 2011 809 2072 Memorebo
823 2013 855 2073 in
869 2016 1063 2094 sequentibus
1077 2017 1141 2078 edi·

93 2118 194 2164 torem
207 2102 303 2165 libelli
318 2105 445 2165 nomine
465 2103 631 2185 Anonymi.
651 2101 819 2162 Censumm
837 2101 931 2164 habes
945 2105 978 2165 in
994 2106 1028 2166 Α.
1048 2108 1082 2168 L.
1106 2108 1138 2169 Z.

95 2190 168 2251 edit.
182 2190 251 2251 Hal.
266 2190 349 2251 1803.

578 2317 662 2378 1803.

141 2455 267 2513 Pereunt
286 2454 361 2532 Aug.
382 2452 449 2511 Lib.
467 2449 611 2511 Fabular.
630 2449 778 2532 AEsopiar.
795 2450 879 2510 Libri
894 2451 936 2525 V,
955 2452 1056 2512 Publii
1074 2453 1141 2536 Syri

98 2541 293 2622 aliorumque
304 2544 446 2601 Veterum
461 2541 630 2600 Sententiae.
643 2542 721 2599 Cum
733 2539 813 2599 notis
825 2540 948 2621 integris
958 2542 1041 2603 llich.
1052 2539 1141 2603 bent-

98 2628 165 2703 leii,
175 2629 286 2688 selectis
298 2629 446 2701 aliorum,
462 2629 573 2708 quibus
587 2642 616 2685 et
628 2648 696 2685 suas
711 2625 827 2685 addidit
840 2626 920 2687 Frid.
934 2630 1028 2689 llerrr.
1040 2630 1141 2692 Bothe.

99 2719 184 2799 Lips.
197 2731 298 2776 sumtu
313 2718 346 2776 E.
361 2720 392 2776 B.
405 2715 605 2776 Schwickerti.
617 2714 813 2789 MDCGGlll,
827 2715 915 2775 intr.

142 2805 250 2865 Editor
259 2807 366 2865 doctus
378 2805 461 2864 dedit
469 2819 582 2864 textum
595 2801 729 2875 Phaedri,
739 2824 773 2861 ex
786 2825 839 2862 sua
850 2806 943 2887 ipsius
956 2809 1143 2885 recensione,

103 2893 130 2951 si
149 2895 248 2952 tamen
269 2895 456 2951 recessionem
475 2890 572 2951 dicere
584 2889 629 2949 fas
647 2904 704 2963 est,
722 2890 753 2948 in
771 2911 832 2970 qua
847 2891 971 2951 Codices
985 2895 1060 2952 MSti
1076 2914 1143 2960 non

104 2978 233 3041 adhibiti
247 2994 333 3054 sunt,
347 2993 435 3040 antea
448 2998 618 3060 numquam
631 2978 776 3059 usurpati.
791 2980 816 3037 Α
830 2991 911 3037 textu
925 2981 1051 3041 Bentleii
1065 2983 1145 3043 mul·

102 3071 142 3129 tis
161 3068 249 3145 locis,
264 3090 318 3130 nec
331 3069 394 3129 sine
409 3089 512 3127 caussa
532 3068 640 3126 idonea
654 3067 781 3124 recessit
796 3066 831 3124 ln
850 3067 1044 3128 emendando
1059 3068 1149 3131 Phae-

102 3157 163 3218 dro
176 3172 294 3217 secutus
304 3169 348 3216 est
359 3176 455 3236 quum
465 3155 691 3215 emendationes
705 3152 846 3225 aliorum,
861 3166 930 3211 tum
944 3175 1026 3228 suas3
1043 3158 1076 3216 in
1085 3177 1148 3237 quo

103 3267 216 3329 genere
230 3265 291 3304 non
305 3265 375 3303 raro
390 3243 536 3314 ostendit,
551 3264 581 3301 sc
594 3262 655 3302 esse
667 3242 699 3299 in
713 3255 775 3299 arte
785 3241 887 3299 critica
899 3243 1106 3319 exercitatum,
1118 3257 1149 3306 ct

103 3335 220 3415 lingute
235 3334 350 3392 uartnae
366 3332 442 3391 bene
455 3351 596 3411 gnarum.
610 3331 680 3388 Non
692 3349 787 3387 unam
802 3328 1011 3410 conjecturam
1026 3352 1088 3392 esse
1102 3333 1148 3393 in·

104 3424 263 3504 geniosam
282 3435 311 3481 et
329 3420 462 3494 facilem,
479 3421 612 3499 ingenue
631 3417 745 3490 lateor;
760 3417 827 3478 alite
845 3431 947 3478 tamen
966 3420 1150 3483 videbantur

103 3511 151 3571 vel
164 3510 332 3570 arbitrariae
344 3522 373 3567 et
382 3505 465 3588 justo
477 3507 666 3580 audaciores,
681 3505 727 3564 vel
741 3506 842 3566 miuus
857 3508 1038 3568 necessariae.
1048 3510 1148 3591 Repu·

104 3610 204 3680 gnant
222 3598 306 3657 eninr
322 3596 478 3677 preceptis
496 3595 619 3668 criticis,
636 3613 704 3675 quae
720 3594 751 3653 in
765 3591 944 3675 prael'atione
956 3593 1016 3653 dixi
1028 3615 1079 3654 me
1089 3614 1152 3655 esse

105 3699 259 3762 meretum,
269 3701 298 3746 et
308 3684 412 3746 multis
422 3684 492 3744 locis
502 3683 649 3744 Codicum
663 3683 739 3741 ratio
751 3681 854 3741 habita
865 3695 908 3741 est
916 3683 1044 3742 omnino
1055 3680 1151 3741 nulla.

105 3774 163 3834 Sed
174 3773 234 3834 hoc
243 3776 339 3835 otium
348 3772 456 3832 datum
467 3793 528 3833 non
539 3785 618 3846 erat,
628 3770 747 3852 singula
759 3770 795 3828 cl.
807 3769 907 3829 Botbii
919 3771 1029 3852 placita
1039 3769 1153 3851 disqui-

106 3865 211 3923 sitioni
232 3861 425 3943 subjiciendi3
447 3873 657 3920 verumtamen
678 3858 848 3917 memoravi
870 3878 976 3919 omnes
996 3859 1052 3917 viri
1073 3857 1154 3918 docti

107 3949 336 4011 emendationes
353 3962 382 4007 et
399 3948 600 4030 conjecturas,
621 3961 712 4026 atque
730 3946 822 4004 etiam
841 3944 879 4003 de
897 3943 1057 4004 nonnullis
1071 3943 1153 4025 judi·

107 4041 192 4099 cium
209 4037 266 4098 ieci
283 4038 316 4096 in
333 4035 513 4118 Suppieudis.
535 4036 686 4095 Censuras
705 4027 847 4093 editionis
865 4030 1021 4092 Bothiauae
1039 4029 1106 4088 vide
1122 4031 1155 4089 in

107 4124 272 4210 Ephemer.
289 4127 463 4185 Litteratur.
483 4125 565 4206 Lips.
580 4145 653 4185 anu.
676 4125 768 4195 1803,
784 4122 894 4182 Partic.
914 4120 967 4194 tii,
984 4133 1014 4179 et
1031 4117 1160 4177 Helene.

106 4238 182 4278 arm.
200 4215 290 4290 1805,
302 4226 336 4276 n⁰
350 4216 415 4275 25&
