2820 5018
487 429 549 491 AI)
574 428 665 493 LIB.
690 427 704 490 I
729 429 823 490 Fue.
847 428 946 492 XIV.
1175 430 1245 519 519

193 592 263 632 rum
274 591 453 640 concursus,
465 572 520 651 qui
530 569 648 631 stultitia
660 569 829 635 ablativum
842 591 903 631 esse
913 585 999 652 putat
1009 593 1046 633 eo
1058 592 1163 649 sensu,
1174 594 1238 655 quo

192 660 256 722 dixi
267 660 452 744 capiendum
463 681 523 721 esse
534 662 566 719 iu
577 662 671 721 Notis.
683 660 801 721 Deinde
810 663 855 719 vis
864 659 977 723 fabulae
989 662 1152 743 signifieat,
1162 684 1241 744 prae·

192 747 353 810 ferendum
370 770 431 808 esse
444 748 637 832 impudentiis.
651 750 711 811 Fac
725 751 825 824 enim,
841 752 874 808 In
888 749 973 809 libris
984 752 1101 832 scriptis
1113 751 1171 831 legi
1187 753 1241 811 im·

191 835 359 916 prudentia,
372 858 430 918 pro
442 835 640 916 impudentia3
652 835 725 916 quid
739 835 777 896 ad
791 835 875 895 rem?
887 837 1013 896 Constat
1027 840 1105 897 iuter
1120 858 1240 913 omnes,

192 920 248 984 bas
263 946 351 987 voces
367 946 446 1007 saepe
461 924 623 986 confundi.
640 926 746 1006 ltaque
757 927 858 985 Ursin.
875 928 1045 991 Burmann.
1059 926 1240 988 [edomant.

194 1015 319 1074 Brotier.
341 1015 483 1090 Des-biti,
506 1014 559 1075 alii
582 1027 661 1075 recte
684 1014 862 1079 ediderunt:
876 1037 1000 1095 ortorum
1015 1013 1135 1076 siutttta
1151 1038 1241 1096 quaes·

194 1115 239 1162 tas
259 1104 444 1186 impudentiae
464 1116 513 1163 est.
542 1104 630 1165 Hanc
660 1103 821 1164 lectionem
851 1107 942 1165 ctiam
968 1104 1103 1186 probant
1129 1106 1241 1182 Faber,

193 1192 349 1265 Gravius,
369 1191 512 1252 Scbcffer.
531 1191 611 1252 CIar.
630 1191 796 1253 Tzschuck.
814 1191 989 1253 Rittershus.
1006 1193 1098 1273 legit:
1120 1215 1242 1274 qnorum

191 1280 320 1343 stultitia
336 1294 460 1364 quastus
480 1281 662 1363 intendentia
682 1294 737 1357 est,
757 1295 792 1343 ut
810 1302 914 1343 sensus
932 1285 984 1355 sit,
1001 1284 1055 1361 qni
1071 1304 1125 1365 per
1141 1285 1242 1364 impu·

192 1369 329 1431 dentiam
342 1392 430 1430 suain
445 1384 597 1451 quaestum
611 1386 641 1430 et
654 1370 776 1431 lucrum
790 1370 909 1432 faciunt
919 1371 1002 1452 apud
1015 1370 1157 1433 homines
1168 1372 1241 1433 stul·

192 1473 240 1519 tos
256 1475 285 1519 et
301 1462 467 1540 Imperitos.
485 1458 541 1519 Sed
557 1473 634 1519 recte
648 1481 714 1520 non
727 1462 799 1519 satis
816 1462 961 1519 Latinum
975 1460 1096 1523 videtur
1108 1460 1242 1523 Scbeffe-

192 1567 228 1606 ro
249 1561 388 1627 qmestum
406 1546 533 1608 stultitiae
552 1550 762 1630 interpretari,
780 1564 932 1630 quaestum
950 1549 1032 1630 apud
1051 1548 1169 1610 stultos.
1187 1552 1241 1611 Est

191 1634 274 1693 enim
292 1649 425 1714 questus
440 1634 593 1710 stultitia,
615 1657 708 1717 quem
723 1635 797 1697 facit
810 1635 955 1707 stultitia3
972 1657 1035 1717 quo
1049 1658 1138 1697 sensu
1155 1659 1242 1719 repu-

193 1734 267 1800 gnat
279 1722 537 1783 antecedentibus.
551 1725 692 1787 Heinsius
708 1722 846 1804 conficit,
862 1744 986 1804 quornm
997 1720 1144 1785 emittam
1154 1746 1243 1805 ques·

193 1822 236 1869 tus
246 1810 431 1891 impudentia
441 1826 494 1883 est,
508 1832 576 1892 quae
588 1809 763 1891 conjectura
773 1810 915 1873 firmatur
924 1812 994 1874 Ioco
1005 1812 1099 1886 Livii,
1110 1814 1142 1872 in
1154 1813 1241 1873 Notis

190 1896 333 1959 adducto.
347 1896 438 1958 Conf.
452 1900 623 1959 Burmanni
639 1901 733 1961 Notas
743 1898 782 1958 ad
796 1896 827 1958 h.
839 1920 867 1957 v.

514 2112 849 2212 EXCURSUS
877 2114 918 2198 Χ

451 2324 502 2374 ΔΙ)
527 2324 632 2376 LIBRI
658 2325 668 2375 I
693 2325 877 2377 fanumst
901 2325 977 2375 XVI.

229 2519 279 2579 Vs.
306 2541 337 2593 ι,
360 2538 386 2578 a.
407 2518 517 2579 Nullus
537 2520 672 2579 vexatior
694 2521 785 2579 variis
806 2516 988 2598 conjecturis
1009 2517 1094 2579 locus
1115 2534 1182 2589 toto
1204 2523 1236 2581 in

188 2605 330 2671 Phaedro.
349 2608 452 2669 Codex
470 2606 582 2669 Pithoei
603 2607 661 2669 hos
677 2629 778 2671 versus
797 2611 839 2669 ita
854 2606 992 2669 exbibet:
1007 2607 1172 2671 Fraudator
1184 2608 1236 2671 Ιιο·

189 2699 279 2757 mirus
296 2719 389 2778 quum
408 2710 510 2759 auocat
529 2719 665 2779 sponsore
686 2696 829 2778 ἱιιιριιοὸο,
852 2699 920 2756 Non
940 2718 999 2757 rem
1020 2696 1165 2779 expedire
1187 2699 1237 2759 sed

188 2785 269 2845 mata
282 2785 375 2845 videre
388 2785 510 2865 expedd.
526 2786 574 2846 Sic
590 2786 684 2847 edidit
698 2784 870 2858 Neveletus‚
886 2786 945 2845 nisi
962 2785 1046 2865 quod
1063 2784 1158 2849 altero
1172 2807 1236 2847 ver·

188 2896 222 2935 su
240 2877 344 2954 expetit
359 2873 449 2953 legat.
466 2875 582 2935 Contra
600 2877 633 2934 in
650 2875 728 2937 cod.
743 2875 824 2939 Dan.
841 2873 1006 2937 Fraudator
1021 2896 1127 2934 nostroe
1143 2898 1234 2955 quam

188 2963 264 3023 locat
282 2984 414 3043 monsone
435 2962 587 3044 improbo:
610 2984 678 3043 quae
699 2965 780 3023 varie
801 2963 963 3023 emendare
987 2965 1053 3023 ausi
1074 2978 1147 3025 sunt
1169 2965 1234 3025 Cn'·

186 3053 248 3111 tici.
264 3050 366 3131 Vulgo
385 3050 496 3131 legitur
512 3075 520 3112 ε
538 3051 702 3113 Fraudator
719 3073 826 3111 nomen
844 3072 936 3131 quum
957 3050 1033 3111 locat
1049 3072 1156 3130 sporrsa
1177 3055 1232 3110 im-

117 3158 124 3167 ·
184 3141 287 3224 prodo,
307 3142 376 3200 Non
394 3162 453 3200 rem
472 3139 617 3222 expedire,
636 3141 686 3201 sed
703 3138 784 3199 „iata
805 3138 898 3201 videre
916 3142 1028 3220 expetit.
1045 3141 1160 3219 Sponsa
1178 3144 1231 3203 ιἰιι-

183 3230 272 3312 probo
289 3243 334 3290 est
351 3250 367 3288 c
385 3228 559 3309 conjectura
578 3227 777 3291 Rittershusii.
792 3232 834 3289 Ex
849 3229 1100 3310 interpretatione
1113 3228 1232 3293 Grono

184 3320 241 3394 vii,
257 3319 444 3379 ilanmanni
461 3331 490 3378 et
504 3317 652 3394 aliorum,
663 3321 693 3380 τὸ
706 3338 813 3377 nautea
825 3314 921 3376 Iocare
931 3313 1094 3374 adhibetur
1104 3315 1142 3374 de
1153 3315 1234 3379 debi-

183 3423 264 3481 tore,
280 3409 334 3489 qui
347 3420 470 3488 accqsto
485 3419 611 3480 mutuo,
628 3406 674 3467 veI
687 3427 786 3467 merce
795 3405 880 3467 alteri
893 3404 1062 3484 obligatur,
1075 3405 1128 3484 qui
1140 3428 1231 3469 suum

183 3512 332 3579 tanquam
348 3497 496 3559 debitoris
518 3517 630 3557 nomen
650 3496 749 3570 locat,
770 3511 801 3555 et
814 3497 944 3578 patitur,
958 3495 1040 3576 apud
1056 3493 1153 3555 alium
1169 3519 1231 3558 esse

183 3593 217 3651 in
230 3589 360 3661 tabuiis,
374 3589 406 3647 in
420 3608 496 3666 quas
511 3585 685 3661 referimus,
700 3588 724 3646 si
737 3587 786 3645 cui
799 3597 992 3657 mutuamus,
1004 3598 1058 3644 aut
1069 3586 1231 3648 vendimus

183 3681 216 3738 ia
227 3677 326 3749 dicm3
341 3674 426 3755 quod
440 3673 613 3756 appellatur
624 3675 849 3755 »aominafaeere
860 3671 942 3753 apud
955 3672 1018 3731 Cic.
1031 3671 1095 3732 off.
1109 3674 1167 3747 111,
1184 3671 1227 3748 rii.

181 3764 240 3827 Sed
248 3776 278 3823 et
286 3764 498 3847 nomenfacere
506 3761 619 3822 dicitur
630 3761 773 3835 creditor,
783 3762 836 3842 qui
846 3759 942 3821 credit
952 3757 1038 3819 alteri
1051 3761 1228 3840 pecuniam,

181 3853 230 3915 vel
242 3874 373 3913 mercem
384 3849 508 3932 ejusque
520 3871 636 3911 nomen
648 3854 681 3911 in
693 3850 774 3911 libro
786 3871 841 3912 suo
853 3862 957 3921 notat,
969 3846 1054 3929 quod
1070 3849 1103 3907 in
1115 3850 1229 3911 tabulis

181 3944 243 4002 suis
257 3942 404 4021 expungit
415 3938 560 4011 creditor,
573 3939 698 4019 quando
713 3938 801 4012 aiter,
815 3937 897 4018 quod
911 3936 1012 4008 debet,
1028 3935 1127 3994 solvit.
1139 3939 1227 3998 Unde

182 4050 287 4090 nortsen
298 4047 457 4106 cxpunqere
470 4027 552 4106 apud
567 4026 663 4085 I’laut.
681 4028 713 4085 in
729 4027 799 4084 Cist.
817 4025 847 4098 l,
865 4046 919 4097 ιιι,
934 4020 973 4096 lto
987 4044 1045 4102 seq.
1059 4044 1165 4081 troium
1178 4048 1225 4083 ex-

178 4118 275 4201 imite
287 4117 411 4175 Sueton.
426 4115 462 4174 de
478 4114 520 4173 itt.
536 4118 673 4175 Grarnm.
691 4136 755 4197 cap.
775 4135 824 4187 ιι,
839 4134 944 4172 ιιοιιιεη
955 4110 1098 4192 explicare
1109 4113 1170 4170 Cic.
1186 4114 1225 4172 ad

180 4208 239 4265 Att.
253 4202 338 4279 XIII,
354 4222 407 4281 29,
421 4214 479 4276 cst,
497 4201 633 4263 debitum
648 4202 769 4263 solvere.
784 4203 831 4263 Sic
845 4202 952 4260 Cicero
964 4199 1038 4261 dicit
1050 4199 1161 4277 exiqeie
1173 4221 1225 4261 ιιο·
