2820 5018
167 461 304 547 QUOD
326 461 602 527 PULCHRUM
624 461 711 527 EST
735 464 784 527 IN
807 467 1025 536 PHAEDRO.
1057 472 1120 559 309

73 628 163 689 gesse
173 631 281 670 canem
293 607 411 683 scribit3
424 608 536 689 quibus
547 609 645 669 verbis
657 608 715 670 hac
728 611 760 668 iu
776 631 808 670 re
818 610 911 672 fuerit
925 636 1009 690 usus,
1023 616 1121 677 brevi-

73 699 148 759 tatis
159 700 258 760 studio
275 710 380 781 captus
395 720 458 758 non
473 698 568 759 addit.
584 699 638 759 Sed
656 722 672 759 e
689 700 883 781 sequentibus
901 702 982 763 facili
1000 709 1122 786 negotio

74 801 173 870 potest
186 789 328 868 intelligi,
342 801 515 848 venatorem
530 789 670 869 pristinas
683 791 764 849 canis
775 792 901 850 virtutes
914 806 943 851 et
954 793 1056 853 officia
1068 795 1121 854 sibi

72 878 210 957 praestita
230 876 373 937 laudibus
393 875 548 950 extulisse,
571 877 774 959 eumdemque
796 900 902 938 canem
926 881 1122 961 vituperasse,

70 964 161 1047 quod
176 965 208 1025 in
221 967 379 1047 praesentia
392 986 446 1024 suo
457 964 569 1024 deesset
585 962 695 1026 officio.
709 967 832 1026 Poterat
847 981 953 1027 auctor
964 967 1078 1028 fabulae
1090 971 1125 1028 in

69 1050 128 1111 tali
153 1074 185 1112 re
201 1054 367 1114 admodum
385 1054 527 1114 verbosus
540 1076 616 1127 esse,
638 1056 687 1115 sed
700 1056 760 1114 ait:
778 1069 898 1115 certator
909 1053 1007 1116 duleus
1020 1078 1128 1117 canens

67 1139 263 1224 objurgabat,
289 1144 331 1204 nil
351 1143 491 1225 amplius.
512 1148 627 1205 Contra
649 1145 809 1227 respondet
827 1147 910 1205 canis
927 1167 970 1205 vs.
992 1168 1025 1226 9,
1048 1146 1126 1225 quod

57 1232 184 1315 ficimus
200 1231 341 1293 laudasti:
355 1234 467 1315 quibus
482 1255 499 1292 e
515 1235 612 1294 vorbis
630 1249 725 1316 patet,
740 1249 914 1295 venatorem
928 1247 1016 1295 autea
1034 1234 1123 1295 fortia

68 1321 158 1380 canis
176 1320 255 1381 facta
274 1318 532 1382 commemorasse.
553 1324 588 1381 ln
606 1323 829 1402 elegantissima
849 1322 968 1399 fabula,
987 1342 1056 1406 quae
1077 1325 1122 1381 in-

67 1408 234 1469 scribitur:
260 1409 339 1470 Mnii
358 1423 384 1470 et
405 1413 555 1486 Latrones,
573 1411 883 1491 canitPhaedrus(1):

215 1542 306 1594 Subito
316 1542 429 1596 latrones
440 1564 470 1595 ex
480 1544 578 1596 insidiis
589 1544 725 1610 advolant,

217 1623 337 1695 Interque
346 1625 439 1675 eadem
450 1625 518 1675 feno
529 1624 628 1675 mulum
638 1627 766 1677 trusirent.

63 1747 182 1808 Fusius
195 1769 300 1809 canere
315 1763 432 1830 poterat
442 1765 548 1810 auctor
562 1749 717 1832 praelium,
731 1750 881 1809 muliones
894 1748 1020 1806 interae
1032 1746 1122 1805 latro·

63 1856 126 1895 nes
149 1838 357 1910 commissum3
379 1836 429 1896 sed
454 1839 524 1918 quia
550 1836 608 1896 lioc
630 1837 705 1896 nihil
728 1839 764 1894 ad
788 1836 951 1895 consilium
973 1833 1120 1892 narrandi

64 1922 213 2005 prodesse
228 1923 402 1999 videbatur,
417 1925 443 1983 ei
458 1923 644 1995 sufficiebat,
658 1921 751 1981 verbo
764 1919 855 2002 hujus
867 1923 910 1979 rei
924 1918 1022 1978 faeere
1036 1939 1120 1977 men-

64 2013 203 2086 tionem,
217 2011 421 2085 intercaden15
433 2011 594 2093 descriptio
606 2011 688 2070 enim
705 2008 800 2091 praelii
816 2009 916 2068 alieno
933 2007 999 2066 loco
1015 2005 1120 2066 fuisset

64 2100 178 2183 posita.
194 2099 299 2176 Quum
312 2120 406 2182 porro
425 2101 511 2159 navis
526 2113 685 2159 vexaretur
702 2099 785 2157 saevis
797 2095 1041 2178 tempestatibus,
1060 2090 1119 2154 hoc

66 2187 217 2250 Phaedrus
229 2189 303 2249 dicit
317 2189 434 2249 factum
449 2211 511 2251 esse
526 2190 600 2248 inter
611 2201 752 2248 vectonmt
766 2184 901 2245 lacrimas
914 2196 941 2243 et
950 2186 1048 2242 mortis
1059 2204 1119 2241 rne-

64 2278 191 2354 tum(2).
215 2278 317 2354 Quam
341 2276 423 2351 fuse,
446 2298 540 2358 quam
559 2276 726 2357 eleganter,
749 2274 840 2334 etiam
859 2292 954 2354 quam
975 2268 1119 2351 graphice

63 2362 134 2425 hoec
145 2365 185 2424 ab
198 2365 259 2425 alio
272 2379 377 2447 poeta,
389 2366 545 2427 brevitatis
560 2367 662 2424 minus
676 2364 828 2437 studioso,
841 2361 1023 2444 amplilieari
1036 2372 1120 2440 pote·

65 2467 142 2513 rant
155 2467 185 2514 et
201 2455 358 2514 exornari!
375 2452 506 2514 Phaedro
521 2452 648 2527 suflicit,
665 2451 730 2513 haee
743 2452 861 2534 paucis,
877 2449 926 2509 sed
943 2446 1117 2510 efficacibus

65 2542 237 2622 exprimere
249 2542 356 2601 verbis.
370 2543 478 2601 Noster
489 2554 593 2601 tamen
606 2541 717 2623 passim
730 2541 827 2599 nimia
841 2539 989 2597 brevitate
1001 2535 1115 2618 perspi·

66 2631 176 2691 cuitati
195 2633 332 2691 nocuisse
346 2631 514 2691 censendus
530 2646 587 2705 est,
602 2645 637 2690 ut
651 2630 703 2689 lib.
718 2631 777 2704 lll,
792 2631 820 2704 1,
838 2650 870 2710 7;
884 2627 937 2686 lib.
952 2628 990 2700 V,
1006 2628 1046 2699 X,
1066 2645 1115 2698 ro,

66 2718 122 2799 qui
138 2718 263 2800 quidem
278 2739 394 2793 versus,
410 2741 449 2779 ne
462 2720 562 2778 dicam
574 2719 612 2778 de
625 2718 705 2792 aliis,
720 2717 826 2800 paullo
839 2731 911 2775 sunt
927 2715 1116 2775 obscuriores

68 2816 98 2865 et
111 2805 213 2864 dubiae
228 2806 504 2887 interpretationis,
519 2806 783 2887 quemadmodum
797 2825 850 2865 suo
865 2803 934 2864 loco
949 2802 1055 2862 notavi
1064 2801 1114 2879 (3).

103 2961 223 3034 (1)Libr.
235 2966 269 3030 ll,
279 2965 370 3017 Fabul.
382 2969 441 3031 Vll,
455 2967 470 3018 8
485 2986 523 3039 sq.
610 2969 696 3019 Kiine
707 2967 734 3018 in
745 2967 794 3017 den
807 2963 956 3018 Gedarrlren.
968 2961 1039 3012 Eben
1048 2960 1115 3012 diere

100 3043 143 3115 (²)
151 3045 180 3096 L.
194 3047 236 3107 Ν,
248 3047 267 3096 F
270 3087 275 3096 .
286 3048 346 3097 xvt
351 3085 359 3109 ,
370 3047 395 3112 4
610 3049 697 3100 Kiirze
705 3048 752 3098 der
763 3045 903 3098 Gedanlen
919 3041 1015 3111 treffen
1028 3041 1075 3089 wir
1086 3042 1112 3090 in

100 3124 143 3194 (3)
159 3126 236 3177 llisce
252 3146 306 3177 non
322 3127 413 3180 inutile
429 3130 513 3179 visum
532 3140 569 3179 est
610 3129 656 3180 der
671 3127 840 3198 Anmerlunp
854 3143 904 3187 an,
922 3123 963 3172 die
975 3121 1047 3189 beym
1065 3120 1115 3170 Te-

68 3201 179 3268 addere,
200 3223 257 3275 quae
274 3205 390 3258 Sulrerus
408 3205 441 3257 de
459 3220 569 3277 utraque
612 3227 670 3259 renz
682 3207 795 3279 jemand
812 3205 873 3255 iiber
890 3202 965 3252 einen
983 3199 1113 3275 Jiinpling

66 3283 201 3337 brevitatis
213 3285 296 3337 sonna
308 3286 398 3338 litteris
410 3290 571 3358 consignavit
612 3287 713 3352 macti,
721 3287 778 3337 dem
787 3285 854 3336 scine
867 3281 893 3333 V
890 3279 1051 3354 erpehunpen
1061 3298 1114 3332 von

66 3365 92 3414 in
117 3362 191 3436 Attq.
217 3363 324 3416 Theorie
342 3367 387 3417 der
407 3368 433 3419 S.
458 3367 492 3417 K.
522 3364 571 3417 sub
610 3364 733 3438 galactiten
742 3357 1112 3423 werden:erubuit,salvares

65 3442 164 3493 Kane.
175 3443 241 3492 Man
253 3463 319 3497 muts
328 3446 368 3495 die
377 3445 463 3495 Kiirze
472 3446 518 3496 der
526 3446 572 3496 Ge·
612 3459 664 3505 est;
677 3462 705 3494 er
716 3441 780 3492 wird
792 3438 850 3490 rotli
857 3476 866 3503 ,
887 3437 951 3489 alles
966 3438 997 3489 ist
1007 3457 1113 3510 pewou·

65 3519 573 3576 danhnvonderKiirzedesAusdrucls
614 3543 673 3575 nen.
699 3523 753 3573 Der
776 3518 897 3572 Gedanlre
916 3518 946 3570 ist
966 3517 1113 3580 natantes,
1157 3525 1161 3535 ’

65 3599 270 3652 untersclreidcn.
285 3602 351 3654 Jene
366 3603 461 3654 bestelvt
473 3602 499 3653 in
514 3602 572 3653 dem
613 3603 668 3656 und
683 3620 734 3676 gar
753 3600 826 3650 nient
843 3609 1113 3670 zusammenqcpresst,

64 3678 224 3732 Reichthum
260 3680 304 3730 der
338 3681 471 3754 Beguffe,
507 3681 574 3734 diesc
614 3671 1116 3735 abererentliiiltselirviei.DieKiirze

65 3759 172 3810 ldmmt
187 3777 236 3809 uon
248 3760 320 3810 einer
333 3758 428 3834 l'iuqeu
440 3763 574 3832 Spartam·
616 3763 677 3834 liept
690 3759 753 3813 bloss
763 3761 797 3810 im
809 3756 956 3821 Aunlmck,
975 3776 1050 3807 manu
1064 3775 1115 3807 we-

65 3840 121 3892 len
131 3840 575 3895 derWiirterundderRedensartcn
615 3843 661 3892 der
676 3841 716 3893 die
735 3839 852 3912 Beqriffe
868 3836 937 3889 reicit
953 3856 988 3886 an
1010 3833 1114 3899 Inimit,

64 3923 120 3974 lter.
134 3923 169 3974 So
182 3921 236 3992 rief
244 3924 322 3973 Ciisnr
331 3923 390 3974 dem
403 3925 509 3989 Bmtus,
522 3925 570 3975 den
617 3921 683 3973 noclr
702 3921 744 3971 die
762 3918 899 3989 Wendunp
915 3916 961 3966 der
976 3912 1115 3964 Gedanl'cn

62 4023 94 4053 er
110 4015 189 4054 unter
200 4005 287 4054 seinen
301 4005 424 4055 Miirdem
439 4003 571 4069 enitet-n,
617 3998 787 4069 vortlteilhaft
806 4000 851 4061 ist,
869 3996 976 4046 sonderu
994 3992 1056 4043 bioss
1076 3992 1117 4041 die

65 4103 115 4133 :ut
132 4081 209 4132 Auch
219 4080 574 4146 du,meinSohn!Dche·
616 4079 756 4150 wenigsten
783 4078 871 4127 Worte
895 4093 954 4124 zum
982 4068 1116 4122 Ausdruclr

63 4162 256 4213 dantemuute
264 4162 313 4212 viel
322 4163 348 4215 V
346 4160 520 4235 orstcliunqen
529 4163 575 4230 bey
615 4159 730 4232 gewiilrlt
747 4158 854 4207 werden.
868 4185 902 4194 -
915 4156 970 4222 ch
978 4152 1055 4222 jeder
1070 4150 1119 4199 Art

63 4243 126 4293 dem
138 4241 234 4293 Brutus
242 4240 575 4315 erweclcen.liicrlie9tdie
617 4259 668 4291 von
688 4239 809 4289 Kum-
830 4253 899 4287 muts
918 4251 980 4283 mnu
998 4230 1051 4282 siclt
1075 4229 1121 4280 der
