2820 5018
1024 384 1046 423 Ι

398 519 515 582 vrrs
538 518 753 582 nannai.
1056 550 1095 616 27

57 657 101 705 est
118 665 154 704 ex
164 643 287 716 litteris,
303 654 333 702 et
345 641 585 702 immortalitatis
595 641 779 704 desiderium
794 665 857 726 quo
871 647 1096 710 inflammatum

56 732 150 793 fuisse
160 745 298 814 poetam,
318 729 403 790 haud
415 750 495 789 unus
512 744 638 790 testatur
651 730 831 792 fabularum
847 733 941 797 locus.
958 738 1097 821 Namque

56 819 363 895 Prot.‚lib.111,60‚
377 818 432 890 613

195 957 276 1025 Ergo,
288 955 386 1026 inquit,
398 952 459 1004 hinc
469 953 573 1018 abesto,
584 953 661 1020 iivor,
672 974 705 1007 ne
715 956 810 1010 frustra
819 977 922 1030 gemas,

194 1032 327 1100 Quoniam
336 1028 400 1084 mihi
409 1031 541 1084 sollemnis
551 1031 661 1085 debetur
669 1032 760 1102 gioria.

56 1154 100 1216 Sic
110 1154 194 1237 Epil.
207 1156 259 1230 lv,
272 1156 301 1231 5,
313 1157 342 1229 63
432 1166 433 1171 ’

197 1274 343 1347 Particuio,
354 1280 450 1333 chartis
458 1300 555 1333 nomen
565 1283 693 1333 victurum
703 1285 779 1348 meis,

195 1361 294 1413 Latinis
302 1361 366 1413 dum
374 1361 490 1413 manebit
499 1364 611 1432 pretium
620 1361 718 1413 litteris.

58 1479 132 1556 Quae
145 1479 259 1541 docent
272 1496 336 1541 tarn
349 1483 492 1565 praeclaro
504 1482 542 1541 de
561 1503 590 1543 se
603 1480 727 1543 sensisse
742 1482 923 1558 Phaedrum,
935 1499 971 1544 ut
986 1500 1015 1545 et
1029 1486 1096 1547 aliis

44 1569 171 1629 tamam
194 1572 330 1632 nominis
351 1587 381 1632 et
402 1572 665 1633 immortalitatem
685 1573 758 1632 dare
784 1593 872 1656 posse
895 1575 1012 1655 scriptis
1036 1577 1097 1634 suis

60 1658 189 1719 crederet
202 1661 259 1741 (r);
278 1676 312 1721 ut
329 1666 471 1721 omittam
486 1661 571 1737 loca,
583 1682 652 1743 quae
664 1677 804 1722 nostrum
818 1661 978 1744 praedicari
996 1663 1033 1723 de
1048 1686 1097 1740 se,

60 1760 84 1807 et
94 1749 253 1809 nominari
267 1753 471 1832 apostoritate
484 1751 633 1825 voluisse,
648 1751 810 1815 manifesto
822 1752 978 1833 probant(
998 1756 1017 1832 ).
1096 1746 1112 1787 ⁸

89 1912 128 1984 (ι)
155 1916 214 1967 Hoc
243 1919 349 1968 nomine
376 1921 557 1988 perstringitur
601 1915 734 1968 indoctam
754 1917 929 1966 narrationem
947 1913 980 1967 da
997 1917 1098 1969 Canum

62 1992 151 2045 Noster
167 1992 202 2043 ab
215 1994 331 2047 Adriano
347 1996 460 2060 Bailiet,
476 1998 557 2070 dupe·
601 1994 692 2066 legatis
711 1994 744 2045 ad
759 1995 864 2059 Jovem,
880 1993 921 2044 vel
938 1995 1098 2073 impudicam

63 2082 138 2125 neno
145 2075 189 2125 des
197 2075 319 2143 Savants,
330 2090 392 2127 torn.
404 2079 446 2142 lv,
456 2096 483 2146 p.
499 2075 555 2141 ¹48.
602 2077 802 2141 obscenitatem,
815 2077 889 2146 cujus
900 2076 1006 2145 vestigia
1017 2077 1044 2127 in
1057 2077 1098 2127 fa·

64 2151 108 2204 Sed
117 2153 176 2206 vide
188 2154 222 2206 ad
236 2154 301 2225 Epii.
316 2158 359 2221 IV,
374 2155 402 2219 5,
414 2156 445 2221 6,
457 2169 482 2207 et
493 2157 554 2207 Exc.
600 2156 674 2209 bellis
684 2160 740 2227 ejus
750 2169 902 2226 supersunt,
913 2159 1029 2207 excusari
1038 2176 1103 2228 pos·

65 2231 156 2298 Xvnl,
177 2231 212 2284 ad
231 2232 297 2304 Epii.
318 2233 509 2286 Deahiiioninm
529 2239 557 2287 in
601 2255 628 2289 se
647 2236 737 2288 eredit.
755 2235 805 2287 Sed
820 2234 1009 2306 indulgendum
1021 2241 1099 2306 genio

66 2311 131 2383 liisp.
143 2314 168 2378 1,
180 2313 213 2366 de
222 2315 280 2365 Vita
293 2313 392 2366 Phaedri
403 2335 429 2386 p.
443 2333 502 2381 xiv,
511 2320 557 2388 qui
600 2316 700 2383 saculi,
710 2332 740 2369 ut
750 2315 812 2367 mihi
822 2315 927 2387 quidem
935 2316 1044 2368 ridetur.

67 2394 160 2444 nonita
173 2392 286 2464 henigne
299 2413 422 2465 spurcam
435 2414 508 2468 aeque
525 2415 556 2447 ac
636 2396 674 2465 (a)
682 2395 748 2448 Vide
757 2413 779 2445 e.
791 2413 814 2445 c.
825 2393 891 2446 Prol.
903 2397 949 2460 ΠΙ,
960 2395 1002 2447 32.
