2820 5018
440 429 470 492 t.
495 429 534 495 c.
557 428 589 495 s.
612 429 869 497 scnwrurr.
1159 462 1175 527 7

133 562 256 656 quibus
269 562 381 655 paullo
393 569 575 633 accuratius
588 567 741 648 disserui,
763 568 882 636 additis
898 569 1179 641 observationibus

131 670 434 736 critico-litterariis.
451 673 670 760 Descriptioni
685 690 794 736 autem
810 673 940 739 Codicis
954 677 1176 759 Divionensis,

132 776 191 864 qui
205 775 436 865 complectitur
450 780 581 844 Romuli
597 779 793 844 Fabularum
809 780 909 846 libros
928 785 972 847 IV
986 763 1113 874 adjecta
1128 804 1177 851 est

130 879 266 946 uberior
278 880 456 971 descriptio
470 882 545 948 libri
556 883 655 972 longe
668 885 836 964 rarissimi,
848 884 1009 952 Editionis
1020 890 1175 954 nimirum

129 985 311 1067 Ulmensis,
327 990 361 1052 in
372 1011 436 1077 qua
445 989 572 1067 insunt,
586 1005 706 1078 praeter
715 988 791 1068 alia,
805 989 895 1055 Libri
907 993 951 1055 lv
963 991 1174 1073 Fabularum,

128 1090 249 1159 eodem
261 1096 403 1160 Romulo
416 1112 561 1161 auctore.

170 1221 297 1284 Notitia
307 1220 462 1285 litteraria
475 1223 705 1312 complectitur

170 1327 217 1391 ll.
229 1325 376 1392 Iudicem
386 1326 577 1392 Editionum
585 1328 713 1395 Phaedri
723 1328 1031 1419 locupletissimum,
1043 1333 1173 1420 impres·

126 1451 238 1495 sarum
247 1429 326 1495 inde
335 1429 376 1494 ab
385 1453 473 1496 anuo
482 1433 652 1498 MDXCVl
666 1433 821 1523 usquead
832 1438 1171 1503 annumMDCCClll.

125 1536 320 1619 Trecentos,
339 1556 372 1603 et
386 1538 476 1627 quod
496 1541 652 1619 excurrit,
672 1540 841 1626 Edi-tiones
856 1545 1019 1622 recensui,
1038 1542 1172 1634 adjunc-

126 1644 183 1722 tis,
206 1645 233 1709 si
252 1645 323 1709 lieri
343 1661 467 1732 posset,
489 1644 595 1733 plenis
609 1647 727 1726 titulis,
745 1671 839 1739 aeque
856 1672 893 1714 ac
908 1651 1030 1715 Notitia
1045 1652 1172 1719 critico·

124 1749 292 1816 litteraria.
306 1752 412 1834 Quam
424 1751 579 1839 plurima,
594 1752 636 1817 ab
646 1753 715 1818 aliis
728 1755 977 1821 Litteratoribus
987 1775 1020 1821 et
1031 1756 1171 1823 Editori·

124 1856 188 1922 bus
202 1860 335 1938 omissa,
358 1857 522 1947 supplevi3
542 1882 610 1923 non
631 1883 734 1947 pauca
753 1860 941 1940 emendavi,
963 1862 1004 1927 ab
1022 1864 1092 1929 aliis
1112 1881 1169 1931 aut

123 1963 223 2044 falso,
238 1983 295 2029 aut
305 1987 420 2053 parum
432 1983 582 2030 accurate
596 1965 712 2031 litteris
727 1968 930 2053 consignata,
946 1984 979 2031 at
993 1970 1167 2050 nonnulla,

120 2074 156 2136 in
170 2094 330 2160 suspenso
344 2072 575 2162 relinquenda,
592 2072 700 2138 lucem
717 2088 905 2161 exspectant
920 2095 939 2135 a
955 2075 1032 2138 viris
1047 2073 1167 2157 doctis,

121 2178 169 2241 rei
182 2176 347 2242 litterariae
359 2179 477 2265 gnaris.
494 2176 598 2241 ludici
612 2176 804 2242 Editionum
817 2176 970 2268 subjunxi

166 2284 228 2348 Ill.
241 2283 425 2349 Elenchum
436 2287 648 2365 Versionum,
665 2284 826 2350 editarum
840 2287 873 2349 in
888 2285 1077 2367 Germania,
1097 2287 1167 2353 Bel·

119 2410 190 2475 φο,
201 2389 332 2477 Anglia,
343 2388 461 2469 Gallia,
473 2387 579 2467 ltalia,
592 2407 669 2468 etc,
680 2391 800 2478 passim
812 2391 1004 2455 intermixtis
1014 2393 1107 2457 Notis
1117 2391 1167 2459 lit·

120 2495 448 2559 terariis.Memoravi
458 2494 944 2561 circiterXXVlGermanorum
955 2497 1164 2585 InterpreteS,

118 2622 138 2663 a
162 2600 283 2689 quibus
304 2599 356 2665 vel
378 2602 561 2680 universas,
583 2601 637 2665 vel
658 2602 800 2689 singulas
819 2600 944 2666 fabulas
963 2605 997 2667 in
1019 2603 1164 2691 linguam

117 2705 348 2770 Germanicam
360 2705 530 2770 translatas
544 2727 615 2769 esse
627 2722 767 2786 constat,
786 2708 979 2769 Batavorum
993 2709 1048 2785 IV,
1069 2707 1165 2774 ltalo·

116 2832 192 2874 rum
208 2813 270 2888 Vl,
291 2809 470 2898 Anglorum
485 2811 563 2887 ΧΠ,
585 2809 754 2873 Gallorum
773 2812 940 2897 ingentem
958 2833 1034 2876 sane
1054 2834 1165 2877 nume-

115 2936 206 2993 rum,
219 2913 339 3003 quibus
349 2911 550 3005 adjungendi
561 2929 652 2977 orant
662 2913 831 2991 Germani,
845 2914 902 3000 qui
911 2910 1085 2977 Phaedrum
1095 2939 1163 2980 ver

117 3036 229 3085 terunt
246 3021 384 3100 Gallice;
402 3036 440 3083 ut
456 3022 604 3085 omittam
621 3019 701 3085 alios
719 3019 857 3084 aliarum
872 3020 1044 3084 nationum
1063 3024 1164 3087 luter-

115 3145 239 3215 pretes.

159 3230 225 3297 Sed
240 3255 283 3297 ne
297 3234 330 3296 in
344 3230 496 3296 Editione
508 3229 636 3295 Phaedri
648 3231 788 3320 pleniori
804 3228 984 3319 quidquam
997 3230 1162 3299 desidera-

114 3356 221 3417 retur,
239 3337 401 3427 disputavi

160 3446 217 3508 lv,
238 3445 288 3509 De
302 3443 529 3533 scriptoribus,
549 3441 724 3507 Phaedrum
739 3442 989 3523 illustrantibus,
1003 3467 1040 3508 ac
1055 3448 1162 3533 primo

116 3545 253 3635 quidem
272 3546 315 3612 de
334 3547 589 3637 antiquioribus,
606 3549 663 3637 qui
679 3563 754 3612 sunt
768 3547 916 3628 Rubrius,
937 3547 1161 3637 Aphthonius,

116 3653 264 3740 Ignatius
276 3652 452 3731 Diaconos,
472 3652 647 3732 Romulus,
666 3655 856 3744 Anonymus
869 3654 1017 3734 Nilautii,
1033 3658 1164 3746 Anony-

115 3780 188 3824 mus
209 3760 375 3842 Neveleti,
396 3762 589 3826 Vincentius
609 3760 858 3825 Bellovacenst's:
880 3759 922 3825 de
943 3783 1084 3848 quorum
1104 3786 1163 3828 no·

115 3865 220 3943 mine,
239 3880 349 3946 aetate,
369 3889 433 3954 qua
445 3866 602 3944 floruere,
621 3886 715 3953 aeque
729 3887 766 3929 ac
781 3864 899 3929 fabulis
912 3888 1091 3955 earumque
1103 3870 1162 3932 Co·

115 3965 244 4033 dicibus
255 3970 346 4034 MSS.
359 3988 393 4034 et
408 3969 628 4047 Editionibus,
647 3970 784 4058 aliisque
799 3970 912 4049 rebuS,
932 3969 973 4036 ud
992 3994 1062 4035 rem
1080 3971 1163 4035 litte·

115 4078 233 4140 rariam
249 4077 491 4165 pertinentibus
509 4080 644 4165 exposui
656 4078 754 4166 paulo
768 4077 913 4143 uberius.
930 4080 1046 4168 Neque
1062 4080 1161 4142 etiam

116 4180 246 4247 silentio
262 4185 455 4270 praetermisi
472 4185 646 4271 scriptores
665 4186 878 4264 recentiores,
900 4185 934 4249 in
952 4204 1093 4272 quorum
1107 4181 1160 4247 vel
