2820 5018
487 453 549 515 ιιι
572 452 665 515 ιιι.
691 452 728 512 ιι
753 449 848 514 ιιι.
873 454 912 515 v.
1157 446 1218 534 ⁵37

176 587 283 665 fuisse,
296 605 369 652 nota
378 612 424 652 res
433 595 483 671 (ι).
494 595 583 653 {lanc
592 606 696 653 temen
707 592 989 673 interpretationem
1001 612 1086 651 nunc
1098 610 1163 649 non
1173 608 1222 646 ur·

176 697 232 755 geo
248 680 316 739 acl.
328 683 492 763 Boettigero
507 682 630 742 meliora
645 682 777 742 edoctus.
787 679 856 740 Vid.
869 702 960 762 supra
974 683 1076 741 Notas.
1091 679 1149 739 Alii
1166 677 1222 735 ali·

177 779 231 824 ter.
243 766 432 844 Gronovius,
442 770 495 851 qui
507 770 579 852 legit
591 772 690 829 tunica
701 768 842 843 districta,
856 769 985 850 explicat
995 767 1146 850 cottiqota,
1157 786 1222 825 con·

176 865 255 927 suta,
273 870 307 915 ut
322 872 498 940 opponatur
513 869 549 936 τῷ
564 870 658 918 resuta
673 858 755 940 apud
772 858 895 918 Sueton.
911 859 977 918 Oct.
995 855 1043 938 94.
1063 882 1076 912 ιι
1087 853 1223 915 Sumenti

178 941 295 1003 virilem
309 961 412 1027 togam
428 949 533 1007 tunica
546 947 705 1022 laticlavi,
719 960 814 1007 resuta
825 969 859 1007 ex
871 961 1001 1028 utraque
1013 958 1111 1027 parte,
1123 943 1160 1002 ad
1175 962 1224 1024 pc·

177 1029 228 1090 des
241 1032 386 1095 decidit.»
405 1038 450 1099 Cl.
468 1037 641 1096 Lindnerus
657 1039 698 1115 (ι)
715 1036 778 1096 haec
795 1057 825 1096 se
839 1057 905 1095 non
919 1036 1087 1117 intelligere
1101 1034 1223 1093 fatetur.

179 1119 260 1180 Dicit
269 1125 367 1185 enirn:
377 1151 391 1180 ιι
399 1125 660 1207 quemadmodum
670 1147 725 1186 acu
736 1139 767 1186 et
776 1125 830 1186 filo
842 1127 952 1185 tunicoe
961 1138 1224 1198 consuantur,sar·

179 1223 256 1270 tores
272 1215 446 1295 expedient3
462 1216 616 1296 quomodo
633 1216 713 1276 idern
728 1217 823 1276 linteo
838 1209 956 1276 Pelusio
971 1214 1036 1275 fieri
1050 1215 1155 1296 possit,
1173 1231 1223 1269 ne·

180 1318 232 1357 mo
244 1302 387 1382 expediet
398 1329 411 1359 ιι
427 1304 524 1363 Possit
535 1304 645 1386 aliquis
657 1318 777 1386 putare,
790 1306 987 1365 Gronovium
998 1305 1111 1386 cepisse
1118 1306 1149 1362 τὸ
1160 1320 1226 1361 con·

178 1407 273 1461 suere,
289 1410 359 1470 pro,
376 1390 525 1471 coiiipore,
541 1394 598 1451 nisi
613 1392 746 1473 adjectus
761 1406 835 1452 esset
848 1392 932 1451 locus
946 1392 1100 1464 Suetonii,
1116 1392 1225 1468 inquo

177 1478 207 1532 τὸ
224 1497 332 1537 resuere
347 1492 406 1553 est,
424 1493 560 1554 suturas,
576 1480 688 1561 quibus
705 1494 836 1559 utraque
852 1481 963 1539 tunicae
980 1500 1064 1560 pars,
1082 1479 1180 1538 antica
1196 1487 1227 1534 et

179 1565 310 1642 postica,
328 1590 402 1630 nexa
419 1583 485 1629 erat
501 1591 591 1650 super
608 1568 769 1642 humeros,
785 1569 934 1628 resolvere
950 1569 1174 1650 (austrenum),
1191 1578 1227 1624 ut

179 1661 308 1732 utraque
323 1675 390 1735 pers
405 1656 515 1716 tunicae
532 1655 681 1716 decideret
695 1656 732 1715 ad
748 1655 854 1737 pedes,
871 1655 964 1734 idque
980 1654 1112 1729 factum,
1128 1674 1225 1732 quum

180 1753 322 1816 praetexta
337 1745 473 1819 ademta,
487 1748 641 1806 tunicatus
655 1759 756 1806 staret.
768 1745 837 1804 Vid.
851 1745 970 1804 Ernesti
983 1744 1021 1804 od
1037 1745 1093 1803 loc.
1106 1743 1226 1801 Sueton.

182 1826 303 1889 Dixerat
316 1833 399 1892 enirn
413 1834 608 1908 Gronovius,
621 1838 652 1894 τὸ
666 1846 785 1893 consuta
796 1834 914 1915 opponi
928 1842 964 1910 τῷ
976 1844 1069 1892 resuta
1083 1829 1227 1890 Suetonii.

180 1917 286 1999 ltaque
301 1943 399 2002 quum
418 1926 531 2006 ceperit
549 1928 580 1983 τὸ
601 1923 784 2005 ctistnnqere,
808 1940 880 2004 pro,
898 1944 1046 1995 consuere,
1064 1939 1230 1980 zusammen

180 2005 295 2083 ιιᾶΙιεης
306 2032 376 2091 quae
389 2011 569 2093 significatio
583 2013 622 2071 ab
638 2012 697 2072 hoc
713 2012 806 2072 verbo
822 2026 865 2072 est
879 2012 997 2072 aliena:
1015 2024 1093 2071 recte
1106 2021 1230 2068 notatus

181 2108 224 2152 cst
243 2117 260 2155 a
280 2099 445 2161 Lindnero.
467 2101 637 2162 Schefferus
657 2103 791 2163 retinens
809 2102 954 2176 destricta,
970 2103 1109 2183 exponit,
1124 2097 1162 2156 ad
1182 2099 1229 2156 in-

182 2182 295 2247 feriora
309 2191 424 2265 stricta,
438 2206 472 2251 ut
486 2194 525 2251 sit
538 2214 659 2252 sensus:
674 2194 813 2252 tunicam
827 2193 866 2252 ab
878 2190 1015 2252 humeris
1027 2190 1178 2251 demisisse
1190 2187 1227 2246 od

182 2271 249 2349 ilia,
266 2276 369 2360 ibique
382 2281 574 2341 adstrinxisse
586 2281 698 2358 linteo,
711 2302 750 2340 ne
764 2279 939 2341 madefieret
955 2282 1034 2340 inter
1048 2300 1135 2359 aquae
1149 2296 1230 2358 spar-

181 2364 316 2444 sionem,
336 2384 439 2450 pectus
458 2370 642 2452 brachiaque
658 2370 799 2432 habuisse
812 2371 906 2431 nuda.
923 2371 970 2429 Sic
986 2371 1024 2430 cl.
1042 2366 1127 2441 Gait,
1144 2365 1229 2427 etsie

182 2449 242 2512 fere
256 2455 497 2532 Freinshemius,
512 2460 565 2540 qui
579 2457 714 2518 destricta
728 2461 761 2518 in
775 2458 878 2519 Iudice
891 2457 991 2519 reddit
1005 2455 1179 2538 obqestreifl,
1195 2464 1230 2512 ut

183 2539 246 2598 Col.
259 2543 329 2618 ΧΙΙ,
339 2542 389 2626 47,
399 2545 456 2627 49,
470 2547 563 2607 dixit:
581 2568 710 2607 esereno
720 2547 794 2607 caelo
805 2548 887 2607 oliva
897 2568 994 2606 manu
1005 2544 1206 2624 distringitur,
1214 2566 1228 2595 ιι

181 2649 244 2709 quo
259 2630 323 2691 loco
340 2647 443 2695 tamen
458 2636 579 2695 malunt
593 2635 692 2715 legere
707 2635 898 2717 destrinqitur.
917 2636 963 2695 Sic
979 2647 1088 2716 praeter
1102 2628 1232 2690 Scheffe-

183 2737 252 2776 rurn
267 2722 358 2780 etiam
373 2722 425 2781 aiii
439 2723 592 2802 explicant
605 2723 708 2782 locum
723 2722 855 2782 Phaedri.
870 2721 1060 2783 Schefferum
1073 2717 1232 2778 confutare

181 2806 281 2865 studet
294 2807 331 2866 el.
346 2810 475 2869 Lindncr
486 2812 536 2888 (3).
556 2836 570 2866 ιι
581 2811 768 2885 Schefferus,
784 2815 894 2892 inquit,
911 2810 1026 2871 reddit:
1043 2809 1083 2868 od
1097 2809 1232 2891 inferiora

183 2896 280 2951 stricta
294 2906 321 2952 et
335 2897 375 2953 ad
388 2896 439 2955 itia
454 2899 604 2970 adstricto,
620 2913 656 2957 ut
673 2898 785 2972 solent,
801 2902 854 2979 qui
869 2898 1002 2957 studiose
1018 2896 1169 2955 laborant.
1184 2893 1230 2949 nd

182 3001 259 3060 opus
273 3002 343 3041 vero
357 2985 577 3064 expediendum
592 2986 667 3067 quid
683 3007 761 3067 opus
775 2999 839 3044 erat
857 2989 953 3045 tunica
967 2984 1098 3044 destricta
1105 3026 1115 3055 ,
1132 3001 1228 3059 quum

182 3073 294 3130 tunicae
307 3085 404 3131 essent
418 3076 484 3132 sine
498 3075 625 3134 manicis
640 3088 669 3133 et
686 3074 733 3133 vel
750 3075 790 3134 sie
805 3074 989 3155 impedirent
1003 3072 1157 3132 neminem
1172 3065 1233 3146 (4)?

182 3160 220 3218 Et
231 3180 336 3219 nonne
346 3174 413 3219 tum
427 3162 535 3221 rectius
547 3163 685 3222 dixisset:
698 3165 863 3236 constricta,
876 3161 1030 3221 adstricto?
1041 3160 1112 3217 Uno
1125 3155 1230 3231 verbo,

181 3250 205 3307 si
222 3246 300 3307 nihil
317 3247 400 3308 aliud
417 3247 463 3308 his
480 3251 579 3311 verbis
596 3250 694 3309 dicere
709 3249 823 3323 voluit,
843 3271 936 3330 quarn
956 3247 1041 3330 quod
1062 3243 1232 3304 Schefferus

181 3338 313 3413 indicet,
329 3359 432 3398 versus
448 3354 573 3420 uterque
589 3340 689 3400 abesse
705 3339 866 3399 commode
883 3352 1017 3420 poterat,
1033 3355 1132 3417 quum
1149 3334 1229 3392 idem

180 3423 244 3503 jam
261 3446 348 3485 versu
365 3427 552 3507 proecedentc
567 3449 740 3507 expressum
756 3442 820 3487 crat
837 3449 891 3508 per
906 3424 1074 3485 alticirrctos.
1084 3448 1099 3479 ιι
1111 3420 1232 3481 'Contra

183 3513 219 3571 cl.
234 3513 357 3573 Setutlze
368 3516 508 3575 observat
521 3515 562 3595 (5)
573 3514 639 3576 haee
651 3541 657 3552 ·
670 3514 800 3599 Scheffer
809 3515 871 3574 und
882 3512 1048 3573 Freinshem
1059 3508 1191 3570 ericiiioen
1203 3530 1231 3567 es

183 3599 272 3660 durch
286 3602 462 3685 abqestreifi,
478 3602 522 3661 ais
538 3625 585 3685 sry
601 3601 647 3662 die
664 3605 776 3663 Tunica
789 3623 845 3661 von
859 3601 916 3659 den
929 3597 1083 3661 Schultern
1100 3595 1234 3656 herunter

184 3711 319 3770 peropus,
334 3692 396 3752 und
406 3692 458 3753 der
468 3691 709 3773 iterabirauqende
722 3695 749 3752 T
747 3691 804 3751 teit
815 3713 863 3751 um
876 3691 922 3750 die
932 3688 1052 3771 Geqend
1060 3687 1108 3747 des
1117 3683 1232 3747 Baucis

185 3776 272 3836 durch
289 3779 344 3838 dm
359 3780 468 3841 Schurz
484 3783 645 3865 einqty‘asst.
663 3784 725 3842 Das
739 3786 843 3841 miisste
859 3777 916 3840 vicl
932 3777 1125 3859 unbequemer
1143 3795 1232 3856 petre-

218 3923 256 3992 (r)
267 3922 370 3975 Waleh.
382 3924 415 3976 ad
424 3927 527 3981 Celiarii
537 3931 597 3980 Ant.
608 3929 683 3980 Rom.
727 3931 781 3980 neri
797 3925 893 3999 placita
904 3925 931 3976 h.
945 3923 961 3975 1.
976 3939 1110 3983 excutere3
1121 3918 1231 3969 maxime

185 4023 211 4071 P·
225 4000 284 4067 545·
727 4029 808 4080 quum
826 4012 852 4059 in
870 4005 1024 4078 explicando
1039 4002 1089 4054 hoc
1105 3999 1164 4050 loco
1182 3995 1230 4046 cel.

218 4084 244 4151 (2
265 4083 383 4133 Teutam.
395 4085 458 4137 Phil.
473 4088 534 4138 Crit.
548 4089 573 4138 P.
586 4090 609 4151 1,
619 4108 645 4158 p.
658 4089 682 4153 4.
726 4089 864 4156 Boettigcro
876 4086 1016 4136 obsecutus
1026 4086 1082 4134 sim.

217 4161 382 4231 (3)Tentam.
394 4162 457 4214 Phil.
468 4164 530 4216 Crit.
542 4168 642 4235 t‘.1,p.
657 4166 682 4230 4
760 4167 799 4236 (5)
822 4164 1000 4237 Anmerkunq.
1028 4181 1084 4211 :unx
1111 4155 1231 4207 thtms

215 4243 254 4311 44)
266 4244 326 4294 Nou
338 4241 424 4304 lubet,
437 4244 539 4313 singula
553 4245 584 4295 ci.
601 4245 682 4296 Lind-
724 4264 783 4316 pag.
807 4246 849 4311 64.
