2820 5018
400 469 493 534 LIB.
518 468 572 545 11,
597 466 692 529 FAB.
715 450 798 528 Vl.¹

64 608 120 674 sic
133 626 201 674 tuta
213 633 287 700 quae
300 628 424 677 naturae
438 613 543 676 fuerat
555 629 707 683 munere,

69 716 180 803 Impar
193 714 320 783 duabus
333 716 454 784 oceidit
466 718 550 782 tristi
563 737 654 779 nece.

389 921 647 1016 rinnai
676 877 789 1008 vir.

395 1133 493 1183 MULI
511 1132 559 1183 ET
578 1133 792 1187 Latrones.

72 1320 156 1385 Muli
168 1327 292 1410 gravati
305 1326 438 1390 sarcinis
451 1322 542 1389 ibant
554 1324 631 1390 duo.

73 1427 167 1494 Unus
180 1431 307 1497 ferebat
318 1433 415 1498 fiscos
425 1455 501 1496 eum
513 1435 668 1520 pecunia;

71 1613 163 1660 Deinde
175 1618 194 1661 ri
206 1617 314 1666 Phaedrur
324 1620 340 1666 l.
353 1639 374 1668 e.
388 1619 475 1686 lamam
485 1621 575 1682 poenit,
588 1637 617 1667 an
628 1620 681 1666 Ideo
695 1619 732 1666 hic
744 1634 838 1682 qnoque
851 1616 937 1679 Iarqam
948 1613 1064 1674 teriprisee
1075 1625 1121 1673 pu·

69 1687 157 1734 nudus
169 1693 221 1736 ert?
232 1718 263 1728 -
277 1694 312 1740 16.
325 1696 351 1740 ln
363 1695 420 1741 Cod.
434 1696 520 1740 Perotti
530 1709 580 1742 ert:
593 1697 629 1742 Sic
641 1703 690 1740 tuta
700 1692 839 1758 qnoesuerat
851 1699 939 1735 natam
950 1700 1050 1731 munere.

72 1836 220 1905 pertinens,
229 1846 411 1917 quamcuique
420 1862 536 1915 suapars
546 1861 578 1894 ex
617 1845 644 1895 in
662 1841 751 1896 multis
765 1841 855 1912 AEsopi
869 1852 895 1891 et
908 1833 1008 1888 Phaedri
1026 1831 1121 1884 fabulis

71 1912 138 1964 cibis
154 1919 304 1988 porrigitur.
323 1924 427 1975 Petron.
446 1941 504 1993 cap.
526 1921 575 1974 33:
618 1928 769 1996 conspicua.
783 1924 874 1990 Quum
886 1920 954 1972 enim
969 1912 1057 1986 aquila
1071 1925 1122 1965 tea·
1219 1947 1221 1951 ,

76 2017 89 2040 ι
99 2000 209 2050 serutari
223 2000 326 2071 paleam
341 2017 477 2076 coeperunt
492 2018 578 2055 eruta-
616 2006 720 2058 tudines
727 2019 815 2076 raptas
823 2006 942 2073 frangere
952 1996 1048 2062 soleat,
1058 2014 1073 2046 e
1082 2012 1123 2046 cu·

75 2092 126 2145 que
138 2077 248 2131 subinde
259 2087 391 2152 pavonina
406 2104 454 2137 ova
468 2083 577 2137 divisere
617 2084 689 2135 blimi
698 2083 836 2155 jaciendo3
848 2093 877 2133 ut
889 2077 999 2130 vidimus
1010 2073 1044 2126 ad
1054 2091 1121 2125 vers.

74 2157 198 2208 convivis.
210 2181 221 2204 ι
235 2159 336 2232 Sclreff.
348 2164 428 2214 Recte
439 2164 514 2215 vertit
528 2164 578 2215 Ge·
622 2182 648 2216 ιι
665 2183 719 2237 aeq.
740 2182 878 2235 perperam
892 2160 982 2212 cornix
995 2163 1123 2207 monstrat

73 2230 145 2284 n‘le:
158 2234 247 2288 rheiler
256 2239 376 2291 reiclrlielr
388 2243 436 2292 mit
444 2242 491 2291 der
498 2241 577 2291 Lehr-
617 2246 723 2317 aquilae,
738 2246 801 2316 quid
814 2241 965 2296 faciendum
978 2240 1025 2304 sit,
1040 2249 1069 2289 ut
1082 2237 1123 2290 fa·

74 2309 129 2361 erin
139 2311 189 2363 den
201 2315 344 2371 Sclmaass.
356 2318 534 2371 Paulloaliter
543 2318 575 2370 cl.
616 2322 666 2375 cilo
680 2337 799 2375 vescatur
812 2340 891 2373 carne
905 2317 1049 2371 testudinis.
1064 2315 1123 2366 Me·

75 2386 176 2443 Sattlcr.
186 2393 277 2446 tleilte
286 2399 336 2447 mit
343 2398 518 2449 derLelrrerin
527 2397 577 2448 dea
617 2403 667 2455 lius
681 2404 772 2475 aquila
788 2401 831 2455 alii
847 2401 935 2455 bestia
954 2417 1003 2450 suo
1022 2395 1124 2449 adesset

67 2466 157 2538 senen
167 2471 310 2526 Schmaasr.
323 2476 411 2546 Largae
423 2476 505 2547 dapes
514 2478 578 2527 Bur-
619 2481 736 2533 consilio.
750 2482 827 2532 Conf.
841 2479 873 2531 cl.
886 2478 980 2530 Jacobs
990 2477 1019 2526 in
1027 2473 1123 2526 Obser-

74 2565 173 2600 manno
191 2566 270 2623 aunt,
282 2572 338 2625 quae
352 2554 499 2608 saturanda.¹
514 2554 579 2604 utri·
618 2572 680 2611 ratt.
694 2559 728 2611 ad
739 2558 838 2610 Phaedri
850 2552 963 2609 fabulas.

76 2646 127 2698 que
135 2630 240 2684 abunde
248 2635 389 2686 sufficiunt.
399 2635 449 2687 Sed
457 2634 576 2686 vid.V.L.
653 2640 712 2690 Fan.
727 2640 781 2692 vll.
801 2637 873 2689 Mali
892 2646 918 2686 et
938 2633 1069 2684 Latrones.
1088 2657 1124 2669 -

118 2707 157 2759 16.
177 2722 277 2763 παίωνα·
292 2733 404 2765 munere.
422 2715 520 2765 Munus
535 2731 579 2763 na·
622 2735 643 2770 1.
658 2720 761 2792 ,ravan
773 2716 895 2778 sarcinis,
910 2711 954 2763 lib.
969 2712 1013 2775 IV,
1028 2707 1081 2759 fab.
1097 2709 1126 2773 l,

74 2800 138 2839 turae
158 2803 196 2841 eat
214 2790 279 2843 dura
297 2808 398 2861 cortex,
417 2813 463 2846 seu
482 2811 579 2845 cornea
620 2797 649 2866 5,
662 2797 725 2849 dixit
735 2797 850 2870 bajulare
860 2795 986 2858 sarcinae,
996 2790 1029 2842 dc
1040 2793 1123 2842 asino.

74 2867 577 2935 domus,dataanatura.Cl.Tzsehucln
619 2907 655 2917 -
668 2875 748 2927 Mali.
765 2875 853 2928 Malos
870 2873 983 2942 antiquie
999 2870 1126 2939 tempori·

73 2949 177 3016 signate
189 2967 238 3019 pro
253 2951 364 3021 simplici
375 2966 469 3003 natura
480 2950 579 3002 dietum
619 2957 670 3008 hus
690 2955 724 3007 ad
745 2973 825 3007 onera
846 2951 954 3004 ferenda
973 2968 1029 3001 esse
1051 2947 1126 2999 adhj.

75 3026 139 3079 vult.
151 3028 281 3098 Compara
291 3029 317 3081 h.
330 3050 353 3083 v.
365 3051 425 3082 cum
434 3049 471 3082 ro.
482 3030 507 3082 6.
619 3035 702 3098 bitos,
722 3047 785 3084 nota
807 3050 856 3083 res.
878 3026 1013 3080 Ilamlerus
1022 3048 1030 3092 ¹:
1055 3044 1126 3096 zwey

115 3124 154 3175 ¹7·
167 3109 258 3160 occidit
269 3109 333 3160 tristi
342 3128 412 3160 nece.
422 3108 479 3160 Vid.
492 3107 526 3160 ad
534 3106 578 3159 lib.
620 3111 850 3184 Mauleselpinqeo
860 3104 1041 3158 wohlbeladen
1051 3102 1126 3154 ihren

76 3189 101 3253 t,
116 3187 169 3239 fab.
186 3191 208 3253 t,
225 3190 270 3255 13,
283 3187 310 3240 el
325 3191 400 3243 tristis
414 3189 447 3241 ad
458 3187 581 3258 Epitheta
621 3189 694 3260 Weq.

75 3270 206 3338 pertinet,
227 3267 321 3340 quibua
341 3266 417 3321 valde
437 3267 582 3320 delectatur
658 3266 772 3341 mfiseos.
783 3267 850 3318 Fisei
859 3276 920 3316 cunt
930 3263 999 3314 sacci
1008 3257 1128 3332 plexiles,

77 3347 209 3400 Phaedrus.
621 3367 668 3401 reu
684 3345 777 3398 corbes
794 3344 915 3407 viminei,
932 3343 977 3414 qui
996 3339 1127 3392 servande

114 3428 180 3479 Cum
212 3426 264 3479 hac
294 3425 386 3479 fabula
416 3423 582 3496 comparabis
621 3426 765 3482 ferendaeve
777 3426 883 3495 majoris
893 3442 998 3476 summa
1008 3422 1127 3493 pecuniae

79 3505 196 3558 fabulam
218 3507 277 3557 xiv
301 3506 432 3578 Anonymi
451 3503 581 3564 Neveleti;
623 3506 824 3560 adhibebantur.
836 3506 944 3555 Ponitur
953 3504 1089 3573 igiturvox
1099 3499 1125 3552 h.

80 3587 141 3639 item
154 3586 212 3639 tab.
225 3589 283 3639 VIll
299 3587 415 3653 Gabrioe,
431 3588 545 3657 primum
567 3603 581 3636 a
622 3587 639 3640 l.
651 3587 768 3660 proprie.
781 3583 911 3637 Asconius
926 3582 986 3634 Ped.
1003 3585 1028 3632 in
1043 3582 1126 3633 Cleer.

80 3668 206 3721 Neveleto
232 3669 394 3740 publicatam
419 3669 446 3717 in
471 3665 580 3739 Mythol.
622 3687 649 3738 p.
668 3664 751 3731 18‚b.
768 3663 835 3715 Edit.
851 3661 938 3714 Aldin.
955 3661 1128 3726 adsentient-

80 3750 170 3820 AEsop.
183 3769 209 3820 p.
222 3750 289 3812 385;
301 3747 406 3803 Romuli
416 3751 520 3800 Divion.
535 3745 579 3799 lib.
622 3767 675 3813 nae,
689 3744 790 3799 fiscettae
807 3756 867 3797 sunt
881 3741 1015 3807 utensilia,
1028 3740 1062 3795 ad
1076 3757 1128 3791 ma·

81 3833 106 3895 l,
115 3830 170 3881 fab.
183 3832 256 3894 XIll;
266 3830 370 3883 Romuli
381 3829 490 3882 Nilantii
500 3827 581 3880 fabul.
620 3830 686 3900 jorio
696 3845 802 3878 summai
813 3825 941 3895 pecunias
952 3818 1102 3893 capiendae.
1114 3841 1125 3864 ι

81 3910 138 3960 XII.
152 3907 280 3980 Compara
293 3912 370 3961 etiam
381 3907 497 3960 fabulam
510 3909 584 3959 AEao-
624 3911 678 3961 Cic.
690 3910 762 3959 Verr.
775 3909 823 3971 Ill,
836 3905 878 3958 85.
895 3904 1065 3970 «Quaternos
1077 3899 1126 3970 llS.

82 3990 110 4060 pi
121 3989 193 4053 LXI,
204 3989 274 4060 apud
283 3993 406 4062 Hauptm.
418 4010 444 4060 p.
456 3991 503 4055 50,
514 3987 586 4059 apud
625 3993 652 4040 in
662 3991 753 4040 cistam
762 3987 917 4037 transferam
925 4002 956 4034 ex
965 3981 1037 4033 fisco.
1047 4004 1057 4025 n
1068 3978 1127 4029 Vid.

82 4070 230 4123 Ernestium
237 4090 263 4142 p.
272 4071 314 4141 49.
323 4074 380 4122 lloe
389 4071 449 4122 loco
459 4089 513 4121 non
523 4087 585 4140 prm·
625 4072 703 4122 etiam
711 4070 785 4119 Verr.
796 4068 845 4131 lll,
857 4083 904 4135 79,
915 4077 939 4115 et
951 4064 1022 4115 Suet.
1033 4058 1127 4111 Claud.

82 4151 290 4220 termittendum,
300 4167 405 4226 poetam
416 4156 442 4205 in
451 4152 502 4204 hac
512 4150 586 4201 labu-
629 4149 669 4200 18.
681 4146 793 4200 seorsim
804 4142 838 4195 de
849 4143 912 4195 liaeo
925 4143 1010 4212 agitur
1020 4141 1048 4189 in
1060 4138 1126 4188 Nor.

84 4235 109 4288 la
121 4235 252 4288 aberrasse
263 4238 394 4288 averitate
403 4231 447 4286 illa
458 4230 585 4295 naturali,
626 4230 714 4282 Acerr.
726 4224 792 4278 Phil.
803 4226 830 4276 P.
841 4225 866 4290 l,
878 4243 904 4294 p.
919 4222 968 4290 ¹49
990 4214 1064 4272 Adde
1074 4218 1130 4271 Dic
