2820 5018
157 464 198 530 36
339 475 342 479 ’
529 468 594 530 us
615 424 821 534 rannus

154 609 324 694 parisiensi,
332 621 490 681 cesserant,
502 606 639 668 chartula
647 608 763 671 detecta
770 626 824 686 est,
834 634 904 694 quae
915 615 985 674 libri
993 617 1007 675 l
1015 615 1197 677 fabularum

154 699 275 759 tertiam
290 695 352 753 fere
367 708 484 775 partem
498 697 685 756 continebat.
702 700 790 758 lianc
803 699 976 761 chartulam
992 701 1045 761 alii
1064 705 1198 764 Petaria·

155 809 243 861 nam,
260 784 312 844 alii
327 782 452 844 Schcdas
465 787 570 865 sepias,
584 784 635 843 alii
649 787 741 845 etiam
760 789 884 848 codicem
901 792 1075 852 Vossianum
1095 791 1197 874 appel·

153 878 236 950 lant;
248 875 331 934 unde
339 873 475 955 plerique
483 874 578 932 critici
590 877 769 936 recentiores
780 879 822 936 ita
830 871 999 959 perturbati
1007 894 1090 955 sunt,
1100 881 1198 941 utdu·

152 967 317 1026 bitovcrint
330 984 435 1022 armon
448 961 573 1042 hujusce
587 965 671 1023 modi
687 967 788 1047 plures
800 970 989 1029 exstitissent.
1003 970 1060 1030 Sed
1071 973 1196 1031 unicam

152 1055 238 1112 illam
249 1052 330 1110 Petri
342 1049 478 1108 Danielis
490 1049 584 1109 fuisse
596 1052 772 1112 rescivimus
783 1076 875 1135 quam
887 1076 984 1136 quum
996 1058 1035 1115 ab
1049 1058 1107 1117 isto
1121 1058 1196 1116 Pau·

151 1145 200 1204 lus
215 1142 353 1204 Petavius
375 1139 545 1215 habuisset,
568 1139 627 1199 boc
649 1141 760 1202 deinde
781 1159 922 1219 mortuo,
944 1148 1019 1205 emit
1034 1169 1106 1207 cum
1128 1147 1196 1207 aliis

151 1231 286 1314 ejusdem
295 1229 381 1288 libris
389 1226 564 1307 (Christina)
574 1230 873 1309 ReginaSuecorum,
884 1247 975 1315 atque
983 1235 1131 1296 umndam
1141 1235 1197 1295 Ge·

152 1317 795 1398 rardoJoannil'ossiopermisit;eademum
802 1325 1142 1405 postmortemlleginte
1149 1322 1197 1383 de

149 1409 214 1469 lata
226 1420 270 1465 est
284 1404 323 1464 acl
339 1403 559 1463 bibliothecam
574 1405 596 1460 V
601 1407 772 1480 aticanaru,
790 1407 844 1466 ubi
857 1406 1010 1490 hodieque
1022 1424 1194 1470 servatur.»

151 1497 249 1576 Atque
259 1493 352 1551 etiam
368 1487 432 1568 jam
449 1488 526 1547 olim
542 1487 711 1550 Schefferus
726 1492 819 1567 vidit,
839 1492 968 1555 Schedas
988 1498 1103 1578 regias,
1115 1496 1195 1557 codi-

150 1603 216 1641 cem
228 1579 346 1652 Vossii,
359 1575 495 1636 codicem
510 1575 643 1657 denique
656 1579 791 1638 Danielis
807 1601 905 1640 unum
920 1581 1195 1665 eumdemqueesse

149 1672 297 1732 codicem.
310 1669 449 1746 Namque
466 1665 502 1724 ad
523 1666 576 1724 lib.
593 1668 621 1741 l,
633 1666 696 1727 fab.
715 1669 784 1727 xltt
794 1714 801 1743 ,
819 1691 851 1743 2,
867 1668 933 1730 haec
948 1684 1054 1731 notat:
1068 1673 1194 1734 «Codex

151 1760 285 1821 Danielis
298 1759 353 1816 ista
369 1757 400 1814 in
414 1754 526 1837 plurali
540 1754 638 1815 effert.
652 1758 808 1816 Pariteret
820 1758 1033 1842 schedamque,
1046 1784 1122 1842 quas
1135 1784 1195 1822 ees·

150 1851 221 1910 dem
242 1870 304 1908 esse
325 1867 395 1906 curn
417 1844 499 1903 dicto
519 1845 623 1905 codice
642 1867 707 1905 non
728 1846 808 1906 male
822 1868 858 1906 ex
872 1846 919 1907 his
935 1851 1103 1932 ceterisque
1121 1851 1194 1911 locis

151 1939 345 2022 suspiceris„
360 1937 395 1993 ln
415 1947 489 1992 nota
504 1954 576 1994 vcro
597 1934 635 1992 ad
658 1933 711 1993 lib.
726 1936 755 2009 l,
770 1934 832 1994 fab.
847 1937 904 2011 Xl,
924 1958 966 1996 ra.
989 1963 1003 1991 a
1013 1938 1141 2014 Verum,
1155 1936 1194 1999 iit·

148 2031 228 2110 quit,
247 2025 330 2086 alind
350 2022 455 2082 suadet
474 2022 568 2081 codex
588 2023 669 2082 Petri
683 2024 818 2083 Danielis
837 2038 866 2083 ct
880 2026 1080 2085 serenissimae
1095 2026 1195 2087 Chris·

150 2115 236 2188 tinae,
253 2114 306 2195 qui
330 2124 399 2193 post
418 2108 457 2167 ad
476 2130 586 2167 manus
602 2110 696 2168 l'ossii
711 2110 864 2191 pervenit,
884 2111 997 2192 inquo
1018 2111 1195 2194 adfliqurttur

149 2204 271 2283 legitur.
283 2228 297 2257 n
311 2201 355 2257 Ex
369 2218 432 2278 quo
448 2197 677 2256 Desbillonium
691 2213 768 2256 recte
785 2212 915 2260 statuere
931 2199 1125 2281 intelligitur.
1138 2200 1194 2261 Iste

150 2291 244 2369 igitur
258 2287 370 2358 codex,
385 2284 503 2362 quoties
517 2285 549 2340 in
564 2282 621 2342 hac
633 2283 769 2345 editione
784 2288 1017 2361 memorabitur,
1031 2287 1193 2370 appellabi-

150 2390 201 2436 tur
212 2375 300 2436 codex
311 2369 452 2431 Danielis.
468 2370 529 2445 Qui
548 2392 588 2429 an
603 2368 697 2430 bodie
717 2387 809 2432 exstet
822 2375 855 2433 in
870 2374 1060 2435 bibliotheca
1079 2378 1193 2436 Vatica-

151 2484 209 2535 na,
228 2482 267 2520 an
280 2478 378 2539 nuper
395 2479 412 2514 a
428 2455 525 2516 Gallis
542 2479 612 2516 cum
624 2457 692 2519 aliis
708 2460 835 2520 cimeliis
851 2462 983 2522 Parisios
1000 2465 1192 2524 transmissus

151 2551 204 2624 sit,
219 2568 286 2606 non
297 2544 439 2621 constat(
460 2545 478 2621 ).

409 2696 438 2771 a.
460 2696 613 2757 coonx
634 2701 935 2764 orvroususrs.

190 2849 236 2908 sic
253 2844 444 2926 appellamus
461 2858 613 2902 vetustum
631 2846 767 2906 codicem
785 2849 1005 2907 Divionensem
1024 2845 1192 2907 monacho·

152 2955 220 2992 rum
236 2946 322 2992 sectae
334 2931 547 2990 benedictinae.
559 2932 748 2991 Membrana
763 2933 824 2991 illae
838 2937 1081 3014 quingentorum
1092 2948 1124 2994 et
1136 2954 1192 2994 ene

152 3023 233 3103 plius
248 3040 419 3093 annornm,
437 3019 538 3079 forma
551 3022 740 3100 praegrandi,
756 3020 942 3081 exhibebant
954 3023 1049 3081 Plinii
1061 3022 1191 3083 historia

153 3125 214 3168 nat.
230 3109 326 3167 libros
350 3109 474 3180 XXh'll,
490 3106 603 3186 quibus
622 3107 693 3164 libri
715 3107 755 3165 lv
769 3107 961 3181 fabularum,
982 3130 1118 3189 quorum
1134 3109 1191 3190 qui·

151 3198 225 3254 libet
242 3196 296 3254 xx
315 3194 576 3276 complectebatur
592 3193 728 3268 fabulas,
744 3195 800 3252 sub
819 3198 946 3255 nomine
965 3196 1105 3270 Romuli,
1125 3215 1190 3279 prce

153 3283 361 3343 mittebantur.
373 3285 408 3341 ln
420 3285 477 3341 isto
488 3283 593 3341 codice
605 3303 669 3340 non
682 3301 786 3363 paucae
797 3281 917 3341 Phaedri
926 3283 1041 3343 fabulae
1056 3285 1190 3343 orations

152 3371 496 3452 solutaexpositaeerant
508 3392 525 3429 a
539 3369 620 3429 dicto
635 3369 780 3442 Romulo,
793 3369 830 3429 de
843 3392 905 3452 quo
915 3371 997 3431 infra
1009 3392 1189 3432 commemo

152 3461 228 3521 rabo
240 3461 373 3519 uberius.
386 3462 504 3536 Harum
518 3460 641 3519 llomuli
651 3459 929 3521 fabularumcodex
942 3461 1131 3536 chartaceus,
1138 3483 1188 3521 ma

153 3568 197 3607 nu
205 3547 382 3625 Marquardi
392 3547 486 3605 Gudii
496 3546 599 3606 forma
608 3545 763 3627 in·l‡⁰maj.
772 3569 866 3627 quam
875 3551 1102 3610 accuratissime
1110 3570 1188 3630 teque

153 3657 188 3693 ac
199 3633 381 3692 nitidissime
392 3632 559 3714 descriptus
570 3655 605 3692 ex
616 3634 855 3693 Divionensibus
866 3635 1096 3697 monachorum
1106 3639 1187 3697 Bene

153 3723 341 3782 diutinorum
369 3721 574 3794 membranis,
599 3721 759 3800 quondam
780 3738 1000 3783 ornamentum
1024 3723 1185 3806 splendida

153 3808 246 3867 Gudii
262 3806 456 3867 bibliothecae
466 3808 516 3885 (a),
526 3806 618 3867 hodie
631 3808 807 3867 adservatur
820 3810 852 3868 in
864 3809 1120 3893 Guelferbytana.
1132 3814 1184 3871 het

153 3897 270 3977 singius
286 3908 387 3954 autem
408 3896 439 3953 in
458 3895 577 3955 erudita
595 3896 819 3969 dissertatione,
840 3898 988 3958 Romulus
1004 3913 1034 3958 et
1048 3901 1184 3959 llimiciu

180 4069 556 4142 (1)Cemanoscriines’escpas
565 4074 653 4122 trouve
725 4071 764 4139 (a)
780 4074 937 4125 Conferatnr
957 4074 1102 4145 Catalogus
1122 4072 1182 4125 hlffi

149 4148 654 4221 parnticcuxdelabibliotheqriedul'ati-
690 4151 779 4214 Gudii,
794 4153 936 4223 liuniburg.
954 4155 1035 4224 1706,
1048 4156 1130 4222 in-s·,
1144 4171 1181 4224 pa<

83 4292 86 4297 Ι
151 4225 652 4301 caaquioutdtdupportdsitParis.(B)
689 4231 795 4297 qiuail.
