2820 5018
401 471 705 541 orsrursrro
730 475 803 540 111.
1063 478 1122 566 169

69 744 832 785 mmfflfflfflfflwmss
835 744 1124 766 mmmm

166 963 671 1091 urseurrrro
715 963 1041 1088 ruerit.
1109 1101 1112 1121 ,

117 1277 182 1354 DE
205 1274 510 1354 FABULARUM
531 1277 730 1352 PHAEDRI
751 1274 1085 1353 EDITIONIBUS.

115 1735 248 1796 Fleuum
265 1735 389 1798 Pbtedri
407 1736 496 1797 editoe
513 1737 547 1795 in
561 1735 661 1797 luceru
673 1738 809 1818 primunr
822 1753 907 1813 sunt,
923 1753 957 1799 ut
965 1737 1031 1818 jarn
1045 1738 1123 1798 dixi·

75 1843 163 1895 mus,
185 1844 270 1885 auno
292 1824 384 1904 1596,
404 1824 635 1906 Augustobona
654 1824 856 1898 Tricassium,
876 1825 938 1884 sive
954 1825 1069 1899 Trecis,
1090 1826 1123 1885 in

72 1909 195 1987 forma,
218 1933 287 1993 quae
310 1927 451 1988 vocatur,
475 1912 674 1986 duodecima,
695 1914 776 1995 typis
797 1915 928 1974 Joannis
946 1913 1124 1994 Odotii(1):

71 1997 225 2060 volumen
234 2002 356 2084 paginis
365 2003 497 2062 omniuo
507 2003 700 2082 septuaginta
711 2001 896 2061 continetur.
907 2003 1034 2062 Curavit
1043 1998 1124 2061 banc

71 2084 244 2146 editionem
268 2089 373 2147 Petrus
397 2087 548 2159 Pithoeus,
573 2087 721 2166 operique
744 2085 875 2168 praelixit
897 2086 1060 2169 epistolam
1085 2085 1123 2146 ad

72 2173 273 2234 Franciscum
293 2171 434 2247 fratrem,
456 2173 510 2233 ubi
531 2170 597 2232 baec
618 2171 656 2232 de
676 2170 808 2232 Phaedro
826 2186 1000 2233 memoratu
1018 2173 1123 2254 digna.

77 2260 145 2322 Tibi
149 2308 160 2337 ‚
164 2263 271 2346 fimet,
285 2264 375 2323 vitam
389 2261 486 2334 debet,
499 2282 588 2342 quum
593 2307 602 2335 ,
619 2274 777 2343 tempomm
790 2259 899 2344 injuria
907 2283 991 2345 praue
1001 2260 1122 2343 sepulto,

72 2349 262 2434 Exanplaris
272 2373 293 2410 o
307 2366 333 2413 te
346 2354 447 2434 reperti
462 2350 597 2433 beneficio
611 2353 753 2412 restituere
764 2364 885 2412 conotus
897 2373 972 2413 som.
984 2351 1124 2412 Notario-

72 2462 129 2504 πα
141 2440 245 2502 nullas
259 2440 386 2523 adjecit:
402 2454 509 2502 monet
520 2455 642 2501 tantum
654 2439 813 2516 codicem,
826 2462 889 2523 quo
905 2462 977 2502 usus
990 2453 1048 2516 est,
1060 2460 1123 2501 esse

72 2529 330 2603 vetustissimum,
349 2528 502 2610 simulque
513 2528 644 2589 indicem
659 2530 816 2609 scripturae
833 2529 956 2602 veteris,
972 2549 991 2587 a
1003 2548 1064 2608 qua
1076 2547 1122 2586 re·

72 2617 209 2691 cesserit,
221 2614 357 2691 exhibet,
377 2630 408 2675 ut
419 2617 514 2699 paulo
528 2616 631 2675 uriuus
643 2614 787 2691 fideliter,
807 2638 901 2697 quarn
920 2615 1073 2698 oportuit,
1088 2625 1123 2672 ut

71 2705 280 2766 intelleximus
295 2727 331 2766 ex
344 2706 492 2787 Rigaltio,
512 2705 670 2779 Nereleto,
691 2719 721 2765 et
740 2709 903 2789 Anonymo
922 2704 1056 2785 quodam
1065 2704 1122 2782 (a),

73 2792 131 2873 qui
147 2789 228 2853 bane
246 2793 344 2875 ipsam
365 2795 548 2876 scripturam
568 2792 768 2875 postmodum
789 2795 1013 2855 examinarunt.
1037 2792 1123 2851 Non·

72 2879 165 2940 nulla
173 2882 262 2941 etiam
272 2881 409 2942 Pithoeus
420 2896 537 2956 noster,
550 2901 619 2963 quae
632 2903 705 2942 sana
717 2898 819 2956 erant,
831 2884 977 2954 mutavit,
989 2894 1019 2940 et
1029 2880 1122 2960 longe

72 2965 181 3049 plura,
195 2969 348 3030 evidenter
365 2983 524 3053 corrupta,
543 2992 583 3030 ne
596 2972 725 3031 tentavit
737 2970 863 3051 quidem
876 2968 1054 3029 emendare:
1070 2965 1121 3026 sed

71 3059 132 3117 ista
151 3056 334 3140 plerumque
353 3073 418 3119 tam
432 3061 550 3120 absona
569 3077 694 3142 tamque
714 3059 848 3120 absurda
862 3072 948 3131 sunt,
966 3069 1001 3115 ut
1020 3055 1120 3136 quivis

70 3144 170 3228 paulo
181 3148 319 3230 peritior,
329 3148 466 3231 profecta
478 3170 541 3208 esse
550 3149 589 3208 ab
605 3149 724 3208 inscitia
737 3148 948 3219 librariorum,
959 3144 1062 3204 statim
1074 3143 1121 3202 in·

71 3235 207 3316 telligat,
218 3251 248 3297 et
261 3237 350 3298 facile
361 3237 505 3320 quaedam
519 3240 584 3320 ipse
595 3239 692 3320 possit
703 3235 872 3318 aliquando
886 3235 1050 3294 restituere.

112 3321 191 3398 Quae
201 3322 323 3385 duobus
333 3339 402 3406 post
410 3328 501 3385 annis
510 3325 605 3385 editio
615 3325 730 3407 prodiit
740 3345 776 3384 ex
785 3321 912 3383 officina
924 3321 1121 3381 Plautiniana

70 3410 284 3494 Rapbelingii,
306 3413 385 3474 nibil
405 3437 423 3474 a
442 3414 603 3476 Pithoeana
622 3412 743 3488 differt,
762 3411 814 3474 sed
832 3414 912 3473 notis
929 3408 1120 3472 Rittersbusii

70 3503 203 3583 egregiis
219 3501 369 3563 illustrata
382 3519 435 3567 est.
455 3508 543 3565 Hanc
564 3524 657 3587 porro
677 3503 860 3578 describere,
879 3503 953 3585 quia
971 3522 1039 3562 rara
1059 3514 1120 3574 est,

71 3592 321 3672 operaepretium
335 3592 436 3655 fuerit.
447 3596 553 3655 Frauc.
570 3589 804 3675 llapbelingius,
816 3589 1029 3676 typographus
1048 3588 1119 3649 doc·

108 3750 148 3824 (ι)
162 3752 249 3806 Editio
261 3755 314 3807 hoec
326 3759 454 3810 rarissima
466 3771 512 3809 est.
615 3756 695 3809 sieurs
698 3756 787 3828 subies
797 3759 828 3808 de
840 3756 947 3808 Ptedre.
957 3751 1066 3807 Neoclet
1073 3771 1121 3826 pu·

107 3831 148 3902 (a)
167 3833 200 3885 Je
213 3851 359 3907 soupconne
375 3836 409 3889 ici
428 3856 479 3889 une
492 3854 579 3888 erreur
618 3835 685 3901 Μία,
697 3856 729 3888 en
749 3837 828 3902 ¹610,
847 3847 926 3889 tontes
943 3832 979 3884 les
989 3831 1076 3903 sables
1089 3831 1121 3882 de

69 3911 108 3963 dre
125 3912 156 3963 P.
173 3912 326 3977 Detbillons.
346 3913 452 3988 lliqoult
467 3915 575 3988 publia,
616 3926 655 3967 cet
668 3914 818 3986 Anonyme,
834 3916 935 3987 quiunt
949 3910 1120 3983 dtert‘imprt'·

68 3990 96 4042 a'
94 3991 169 4061 aprdt
174 4011 210 4042 un
216 3994 503 4048 manuscritdeSoirrtV
503 3996 576 4063 ictor,
617 3994 683 4045 mdes
695 3994 797 4065 depuis,
809 4005 835 4044 et
845 3995 908 4045 dont
919 4010 954 4043 on
962 4003 1025 4064 peut
1035 3992 1123 4040 retiret

68 4068 196 4144 quelques
203 4070 291 4141 sables
305 4072 366 4124 d'rm
381 4074 474 4126 ancien
486 4075 576 4147 poete,
618 4074 645 4127 la
659 4076 741 4126 meme
752 4074 838 4127 utilite'
849 4093 898 4146 que
910 4074 952 4125 des
963 4071 1065 4124 Fabula
1077 4089 1121 4121 au·

68 4169 160 4202 conns«
175 4168 231 4204 sous
247 4150 271 4202 le
286 4172 347 4204 nom
362 4155 393 4205 de
409 4152 575 4227 l'Anonyrne,
618 4158 702 4226 tique.
715 4155 802 4223 (Note
814 4155 846 4208 de
858 4157 894 4206 M.
908 4153 1005 4226 Δάνῃ.)

68 4231 117 4305 qui
134 4251 152 4284 a
171 4233 219 4284 mis
235 4249 266 4283 en
286 4250 339 4285 cers
356 4232 500 4306 elegiaques
515 4233 577 4306 pilu·
654 4235 955 4316 V.l'hmdriFabb.Bip.
972 4232 1046 4302 1784.
1059 4231 1121 4302 (B.)
