<?xml version="1.0" encoding="UTF-8"?>
<!DOCTYPE html PUBLIC "-//W3C//DTD XHTML 1.0 Transitional//EN"
    "http://www.w3.org/TR/xhtml1/DTD/xhtml1-transitional.dtd">
<html xmlns="http://www.w3.org/1999/xhtml" xml:lang="en" lang="en">
 <head>
  <title>
</title>
<meta http-equiv="Content-Type" content="text/html;charset=utf-8" />
  <meta name='ocr-system' content='tesseract 3.04.00' />
  <meta name='ocr-capabilities' content='ocr_page ocr_carea ocr_par ocr_line ocrx_word'/>
</head>
<body>
  <div class='ocr_page' id='page_1' title='image "./phdrifabularums00jacogoog_0396.png"; bbox 0 0 2820 5018; ppageno 0'>
   <div class='ocr_carea' id='block_1_1' title="bbox 520 440 874 518">
    <p class='ocr_par' dir='ltr' id='par_1_1' title="bbox 520 440 874 518">
     <span class='ocr_line' id='line_1_1' title="bbox 520 440 874 518; baseline -0.011 -12"><span class='ocrx_word' id='word_1_1' title='bbox 520 441 613 506; x_wconf 89' lang='lat' dir='ltr'><strong>LlB.</strong></span> <span class='ocrx_word' id='word_1_2' title='bbox 637 440 668 518; x_wconf 90' lang='lat' dir='ltr'><strong>l,</strong></span> <span class='ocrx_word' id='word_1_3' title='bbox 692 442 786 505; x_wconf 68' lang='grc' dir='ltr'><strong>ΜΒ.</strong></span> <span class='ocrx_word' id='word_1_4' title='bbox 811 441 874 503; x_wconf 86' lang='lat' dir='ltr'><strong>xt.</strong></span> 
     </span>
    </p>
   </div>
   <div class='ocr_carea' id='block_1_2' title="bbox 174 581 1223 977">
    <p class='ocr_par' dir='ltr' id='par_1_2' title="bbox 174 581 1223 977">
     <span class='ocr_line' id='line_1_2' title="bbox 174 581 724 676; baseline -0.009 -26"><span class='ocrx_word' id='word_1_5' title='bbox 174 586 308 676; x_wconf 75' lang='lat' dir='ltr'><strong>Ignotos</strong></span> <span class='ocrx_word' id='word_1_6' title='bbox 321 581 417 661; x_wconf 83' lang='lat' dir='ltr'><strong>fallit,</strong></span> <span class='ocrx_word' id='word_1_7' title='bbox 431 582 517 647; x_wconf 90' lang='lat' dir='ltr'><strong>notis</strong></span> <span class='ocrx_word' id='word_1_8' title='bbox 530 600 579 646; x_wconf 89' lang='lat' dir='ltr'><strong>est</strong></span> <span class='ocrx_word' id='word_1_9' title='bbox 591 581 724 646; x_wconf 88' lang='lat' dir='ltr'><strong>derisni.</strong></span> 
     </span>
     <span class='ocr_line' id='line_1_3' title="bbox 218 689 918 777; baseline -0.003 -23"><span class='ocrx_word' id='word_1_10' title='bbox 218 691 340 754; x_wconf 79' lang='lat' dir='ltr'>Venari</span> <span class='ocrx_word' id='word_1_11' title='bbox 352 690 461 754; x_wconf 80' lang='lat' dir='ltr'><strong>Asello</strong></span> <span class='ocrx_word' id='word_1_12' title='bbox 474 690 594 753; x_wconf 86' lang='lat' dir='ltr'>comite</span> <span class='ocrx_word' id='word_1_13' title='bbox 608 711 710 777; x_wconf 90' lang='lat' dir='ltr'><strong>quum</strong></span> <span class='ocrx_word' id='word_1_14' title='bbox 724 689 822 752; x_wconf 90' lang='lat' dir='ltr'><strong>vellet</strong></span> <span class='ocrx_word' id='word_1_15' title='bbox 835 690 918 768; x_wconf 92' lang='lat' dir='ltr'><strong>Leo,</strong></span> 
     </span>
     <span class='ocr_line' id='line_1_4' title="bbox 174 792 932 872; baseline -0.004 -12"><span class='ocrx_word' id='word_1_16' title='bbox 174 797 327 861; x_wconf 78' lang='lat' dir='ltr'><strong>Contexit</strong></span> <span class='ocrx_word' id='word_1_17' title='bbox 340 795 432 858; x_wconf 89' lang='lat' dir='ltr'><strong>illum</strong></span> <span class='ocrx_word' id='word_1_18' title='bbox 445 795 577 872; x_wconf 86' lang='lat' dir='ltr'><strong>frutice,</strong></span> <span class='ocrx_word' id='word_1_19' title='bbox 591 809 624 857; x_wconf 89' lang='lat' dir='ltr'><strong>ct</strong></span> <span class='ocrx_word' id='word_1_20' title='bbox 636 792 808 858; x_wconf 86' lang='lat' dir='ltr'>admonuit</span> <span class='ocrx_word' id='word_1_21' title='bbox 822 795 932 867; x_wconf 89' lang='lat' dir='ltr'><strong>simul,</strong></span> 
     </span>
     <span class='ocr_line' id='line_1_5' title="bbox 176 899 1223 977; baseline -0.005 -10"><span class='ocrx_word' id='word_1_22' title='bbox 176 906 221 967; x_wconf 90' lang='lat' dir='ltr'><strong>Ut</strong></span> <span class='ocrx_word' id='word_1_23' title='bbox 234 904 361 967; x_wconf 82' lang='lat' dir='ltr'><strong>insueta</strong></span> <span class='ocrx_word' id='word_1_24' title='bbox 373 925 454 967; x_wconf 82' lang='lat' dir='ltr'><strong>voce</strong></span> <span class='ocrx_word' id='word_1_25' title='bbox 467 916 606 965; x_wconf 86' lang='lat' dir='ltr'><strong>terreret</strong></span> <span class='ocrx_word' id='word_1_26' title='bbox 619 899 730 977; x_wconf 84' lang='lat' dir='ltr'><strong>feros„</strong></span> <span class='ocrx_word' id='word_1_27' title='bbox 1208 918 1223 969; x_wconf 72' lang='grc' dir='ltr'><strong>ι</strong></span> 
     </span>
    </p>
   </div>
   <div class='ocr_carea' id='block_1_3' title="bbox 177 1076 1230 1355">
    <p class='ocr_par' dir='ltr' id='par_1_3' title="bbox 177 1076 1230 1355">
     <span class='ocr_line' id='line_1_6' title="bbox 177 1076 1226 1141; baseline -0.001 -15"><span class='ocrx_word' id='word_1_28' title='bbox 177 1096 215 1126; x_wconf 80' lang='lat' dir='ltr'><strong>res</strong></span> <span class='ocrx_word' id='word_1_29' title='bbox 227 1081 318 1141; x_wconf 67' lang='lat' dir='ltr'><strong>gestae?</strong></span> <span class='ocrx_word' id='word_1_30' title='bbox 332 1094 384 1140; x_wconf 72' lang='lat' dir='ltr'><strong>qua</strong></span> <span class='ocrx_word' id='word_1_31' title='bbox 398 1089 458 1123; x_wconf 80' lang='lat' dir='ltr'><strong>eeeet</strong></span> <span class='ocrx_word' id='word_1_32' title='bbox 473 1077 560 1139; x_wconf 77' lang='lat' dir='ltr'><strong>Ellipsit</strong></span> <span class='ocrx_word' id='word_1_33' title='bbox 574 1076 683 1122; x_wconf 74' lang='lat' dir='ltr'><strong>inaudita.</strong></span> <span class='ocrx_word' id='word_1_34' title='bbox 699 1079 761 1137; x_wconf 67' lang='lat' dir='ltr'><strong>lege</strong></span> <span class='ocrx_word' id='word_1_35' title='bbox 776 1080 947 1131; x_wconf 71' lang='lat' dir='ltr'><strong>lhrrrnannurn,</strong></span> <span class='ocrx_word' id='word_1_36' title='bbox 963 1082 1003 1141; x_wconf 81' lang='lat' dir='ltr'><strong>qui</strong></span> <span class='ocrx_word' id='word_1_37' title='bbox 1017 1081 1068 1125; x_wconf 78' lang='lat' dir='ltr'><strong>fuae</strong></span> <span class='ocrx_word' id='word_1_38' title='bbox 1083 1091 1162 1125; x_wconf 80' lang='lat' dir='ltr'><strong>contra</strong></span> <span class='ocrx_word' id='word_1_39' title='bbox 1177 1081 1226 1125; x_wconf 84' lang='grc' dir='ltr'>Διι-</span> 
     </span>
     <span class='ocr_line' id='line_1_7' title="bbox 178 1149 1230 1214; baseline 0 -17"><span class='ocrx_word' id='word_1_40' title='bbox 178 1152 240 1212; x_wconf 67' lang='lat' dir='ltr'><strong>pluut</strong></span> <span class='ocrx_word' id='word_1_41' title='bbox 252 1151 370 1211; x_wconf 73' lang='lat' dir='ltr'><strong>vulgatum</strong></span> <span class='ocrx_word' id='word_1_42' title='bbox 382 1163 469 1195; x_wconf 89' lang='lat' dir='ltr'><strong>tuetur.</strong></span> <span class='ocrx_word' id='word_1_43' title='bbox 483 1152 580 1195; x_wconf 83' lang='lat' dir='ltr'><strong>Brotier.</strong></span> <span class='ocrx_word' id='word_1_44' title='bbox 593 1149 665 1193; x_wconf 75' lang='lat' dir='ltr'><strong>verbis</strong></span> <span class='ocrx_word' id='word_1_45' title='bbox 676 1158 770 1211; x_wconf 80' lang='lat' dir='ltr'><strong>captans</strong></span> <span class='ocrx_word' id='word_1_46' title='bbox 778 1149 880 1214; x_wconf 73' lang='lat' dir='ltr'><strong>pluriam.</strong></span> <span class='ocrx_word' id='word_1_47' title='bbox 892 1153 937 1197; x_wconf 74' lang='lat' dir='ltr'><strong>un</strong></span> <span class='ocrx_word' id='word_1_48' title='bbox 949 1151 1079 1197; x_wconf 82' lang='lat' dir='ltr'><strong>veronulla</strong></span> <span class='ocrx_word' id='word_1_49' title='bbox 1091 1151 1146 1196; x_wconf 83' lang='lat' dir='ltr'><strong>milri</strong></span> <span class='ocrx_word' id='word_1_50' title='bbox 1152 1161 1230 1214; x_wconf 79' lang='lat' dir='ltr'><strong>capta-</strong></span> 
     </span>
     <span class='ocr_line' id='line_1_8' title="bbox 180 1217 1230 1284; baseline 0.003 -19"><span class='ocrx_word' id='word_1_51' title='bbox 180 1230 219 1265; x_wconf 87' lang='lat' dir='ltr'><strong>tur</strong></span> <span class='ocrx_word' id='word_1_52' title='bbox 227 1219 299 1284; x_wconf 80' lang='lat' dir='ltr'><strong>qlorio</strong></span> <span class='ocrx_word' id='word_1_53' title='bbox 309 1219 375 1264; x_wconf 86' lang='lat' dir='ltr'><strong>Ovid.</strong></span> <span class='ocrx_word' id='word_1_54' title='bbox 386 1220 455 1263; x_wconf 82' lang='lat' dir='ltr'><strong>Trist.</strong></span> <span class='ocrx_word' id='word_1_55' title='bbox 468 1221 495 1272; x_wconf 84' lang='lat' dir='ltr'><strong>V,</strong></span> <span class='ocrx_word' id='word_1_56' title='bbox 509 1232 530 1273; x_wconf 88' lang='grc' dir='ltr'><strong>ι,</strong></span> <span class='ocrx_word' id='word_1_57' title='bbox 542 1219 583 1279; x_wconf 82' lang='grc'><strong>75,</strong></span> <span class='ocrx_word' id='word_1_58' title='bbox 596 1217 662 1272; x_wconf 86' lang='lat' dir='ltr'><strong>dixit;</strong></span> <span class='ocrx_word' id='word_1_59' title='bbox 676 1230 766 1275; x_wconf 81' lang='lat' dir='ltr'><strong>temen,</strong></span> <span class='ocrx_word' id='word_1_60' title='bbox 779 1223 833 1281; x_wconf 86' lang='lat' dir='ltr'><strong>quia</strong></span> <span class='ocrx_word' id='word_1_61' title='bbox 842 1221 932 1281; x_wconf 72' lang='lat' dir='ltr'><strong>vulgata</strong></span> <span class='ocrx_word' id='word_1_62' title='bbox 942 1220 1009 1266; x_wconf 88' lang='lat' dir='ltr'><strong>lectio</strong></span> <span class='ocrx_word' id='word_1_63' title='bbox 1018 1224 1072 1267; x_wconf 78' lang='lat' dir='ltr'><strong>satia</strong></span> <span class='ocrx_word' id='word_1_64' title='bbox 1082 1222 1176 1266; x_wconf 86' lang='lat' dir='ltr'><strong>delendi</strong></span> <span class='ocrx_word' id='word_1_65' title='bbox 1185 1238 1230 1282; x_wconf 90' lang='lat' dir='ltr'><strong>po-</strong></span> 
     </span>
     <span class='ocr_line' id='line_1_9' title="bbox 179 1288 1230 1355; baseline -0.001 -17"><span class='ocrx_word' id='word_1_66' title='bbox 179 1304 237 1348; x_wconf 83' lang='lat' dir='ltr'><strong>tett,</strong></span> <span class='ocrx_word' id='word_1_67' title='bbox 247 1303 309 1337; x_wconf 85' lang='lat' dir='ltr'><strong>recte</strong></span> <span class='ocrx_word' id='word_1_68' title='bbox 321 1292 439 1335; x_wconf 88' lang='lat' dir='ltr'><strong>retinetur.</strong></span> <span class='ocrx_word' id='word_1_69' title='bbox 448 1315 478 1326; x_wconf 94' lang='lat'>-</span> <span class='ocrx_word' id='word_1_70' title='bbox 488 1304 508 1334; x_wconf 79' lang='grc' dir='ltr'><strong>ι.</strong></span> <span class='ocrx_word' id='word_1_71' title='bbox 522 1293 617 1353; x_wconf 73' lang='grc' dir='ltr'>Ιφιοιοι.</span> <span class='ocrx_word' id='word_1_72' title='bbox 629 1288 706 1334; x_wconf 85' lang='lat' dir='ltr'><strong>Barth.</strong></span> <span class='ocrx_word' id='word_1_73' title='bbox 719 1289 776 1336; x_wconf 78' lang='lat' dir='ltr'><strong>ndv.</strong></span> <span class='ocrx_word' id='word_1_74' title='bbox 788 1290 828 1336; x_wconf 85' lang='lat' dir='ltr'><strong>lib.</strong></span> <span class='ocrx_word' id='word_1_75' title='bbox 839 1293 933 1346; x_wconf 81' lang='lat' dir='ltr'><strong>XLVll,</strong></span> <span class='ocrx_word' id='word_1_76' title='bbox 944 1309 994 1353; x_wconf 85' lang='lat' dir='ltr'><strong>cap.</strong></span> <span class='ocrx_word' id='word_1_77' title='bbox 1011 1309 1050 1349; x_wconf 91' lang='grc' dir='ltr'><strong>ιο,</strong></span> <span class='ocrx_word' id='word_1_78' title='bbox 1061 1292 1230 1355; x_wconf 68' lang='lat' dir='ltr'><strong>uptotusfollit,</strong></span> 
     </span>
    </p>
   </div>
   <div class='ocr_carea' id='block_1_4' title="bbox 180 1360 1229 1491">
    <p class='ocr_par' dir='ltr' id='par_1_4' title="bbox 180 1360 1229 1491">
     <span class='ocr_line' id='line_1_10' title="bbox 180 1360 1229 1425; baseline 0.002 -18"><span class='ocrx_word' id='word_1_79' title='bbox 180 1372 246 1409; x_wconf 77' lang='lat' dir='ltr'><strong>rietus</strong></span> <span class='ocrx_word' id='word_1_80' title='bbox 258 1371 292 1407; x_wconf 84' lang='lat' dir='ltr'><strong>est</strong></span> <span class='ocrx_word' id='word_1_81' title='bbox 303 1363 398 1415; x_wconf 70' lang='lat' dir='ltr'><strong>derisui,</strong></span> <span class='ocrx_word' id='word_1_82' title='bbox 411 1361 473 1423; x_wconf 87' lang='lat' dir='ltr'><strong>quod</strong></span> <span class='ocrx_word' id='word_1_83' title='bbox 486 1360 603 1423; x_wconf 74' lang='lat' dir='ltr'><strong>displicet,</strong></span> <span class='ocrx_word' id='word_1_84' title='bbox 616 1362 669 1421; x_wconf 82' lang='lat' dir='ltr'><strong>quia</strong></span> <span class='ocrx_word' id='word_1_85' title='bbox 679 1364 737 1407; x_wconf 81' lang='lat' dir='ltr'><strong>notis</strong></span> <span class='ocrx_word' id='word_1_86' title='bbox 748 1375 770 1407; x_wconf 92' lang='lat' dir='ltr'><strong>et</strong></span> <span class='ocrx_word' id='word_1_87' title='bbox 780 1366 860 1425; x_wconf 72' lang='lat' dir='ltr'><strong>ipnotis</strong></span> <span class='ocrx_word' id='word_1_88' title='bbox 870 1377 903 1409; x_wconf 80' lang='lat' dir='ltr'><strong>est</strong></span> <span class='ocrx_word' id='word_1_89' title='bbox 914 1365 935 1408; x_wconf 91' lang='lat' dir='ltr'><strong>in</strong></span> <span class='ocrx_word' id='word_1_90' title='bbox 946 1365 1050 1409; x_wconf 79' lang='lat' dir='ltr'><strong>omnibus</strong></span> <span class='ocrx_word' id='word_1_91' title='bbox 1059 1365 1133 1410; x_wconf 85' lang='lat' dir='ltr'><strong>Codd.</strong></span> <span class='ocrx_word' id='word_1_92' title='bbox 1144 1364 1180 1409; x_wconf 79' lang='lat' dir='ltr'><strong>Cf.</strong></span> <span class='ocrx_word' id='word_1_93' title='bbox 1192 1376 1229 1409; x_wconf 84' lang='lat' dir='ltr'><strong>te·</strong></span> 
     </span>
     <span class='ocr_line' id='line_1_11' title="bbox 181 1429 1227 1491; baseline 0.003 -15"><span class='ocrx_word' id='word_1_94' title='bbox 181 1447 235 1477; x_wconf 88' lang='lat' dir='ltr'><strong>men</strong></span> <span class='ocrx_word' id='word_1_95' title='bbox 245 1429 353 1489; x_wconf 81' lang='lat' dir='ltr'><strong>Fjuatlem</strong></span> <span class='ocrx_word' id='word_1_96' title='bbox 364 1429 448 1475; x_wconf 84' lang='lat' dir='ltr'><strong>Barthii</strong></span> <span class='ocrx_word' id='word_1_97' title='bbox 459 1429 516 1474; x_wconf 78' lang='lat' dir='ltr'><strong>tdv.</strong></span> <span class='ocrx_word' id='word_1_98' title='bbox 527 1429 566 1474; x_wconf 87' lang='lat' dir='ltr'><strong>lib.</strong></span> <span class='ocrx_word' id='word_1_99' title='bbox 576 1429 681 1484; x_wconf 75' lang='lat' dir='ltr'><strong>XXKlX,</strong></span> <span class='ocrx_word' id='word_1_100' title='bbox 692 1446 744 1490; x_wconf 83' lang='lat' dir='ltr'><strong>cap.</strong></span> <span class='ocrx_word' id='word_1_101' title='bbox 756 1447 777 1491; x_wconf 82' lang='lat'><strong>7.</strong></span> <span class='ocrx_word' id='word_1_102' title='bbox 789 1432 814 1475; x_wconf 93' lang='grc' dir='ltr'><strong>Ιιι</strong></span> <span class='ocrx_word' id='word_1_103' title='bbox 824 1431 939 1477; x_wconf 73' lang='lat' dir='ltr'><strong>nonnullis</strong></span> <span class='ocrx_word' id='word_1_104' title='bbox 949 1432 1017 1477; x_wconf 81' lang='lat' dir='ltr'><strong>Fabri</strong></span> <span class='ocrx_word' id='word_1_105' title='bbox 1028 1433 1169 1478; x_wconf 77' lang='lat' dir='ltr'><strong>Editionihua</strong></span> <span class='ocrx_word' id='word_1_106' title='bbox 1180 1445 1227 1479; x_wconf 80' lang='lat' dir='ltr'><strong>eat.</strong></span> 
     </span>
    </p>
   </div>
   <div class='ocr_carea' id='block_1_5' title="bbox 182 1499 1228 1566">
    <p class='ocr_par' dir='ltr' id='par_1_5' title="bbox 182 1499 1228 1566">
     <span class='ocr_line' id='line_1_12' title="bbox 182 1499 1228 1566; baseline 0.001 -19"><span class='ocrx_word' id='word_1_107' title='bbox 182 1506 278 1566; x_wconf 76' lang='lat' dir='ltr'><strong>t&#39;antros.</strong></span> <span class='ocrx_word' id='word_1_108' title='bbox 292 1501 361 1547; x_wconf 81' lang='lat' dir='ltr'><strong>Male.</strong></span> <span class='ocrx_word' id='word_1_109' title='bbox 373 1517 394 1544; x_wconf 89' lang='lat' dir='ltr'><strong>v.</strong></span> <span class='ocrx_word' id='word_1_110' title='bbox 409 1501 470 1545; x_wconf 88' lang='lat' dir='ltr'><strong>Gud.</strong></span> <span class='ocrx_word' id='word_1_111' title='bbox 481 1525 512 1536; x_wconf 89' lang='lat'><em>-</em></span> <span class='ocrx_word' id='word_1_112' title='bbox 523 1502 544 1545; x_wconf 83' lang='lat'><strong>5.</strong></span> <span class='ocrx_word' id='word_1_113' title='bbox 558 1501 590 1545; x_wconf 77' lang='lat' dir='ltr'><strong>(Il.</strong></span> <span class='ocrx_word' id='word_1_114' title='bbox 603 1499 686 1555; x_wconf 77' lang='lat' dir='ltr'><strong>Jacob,</strong></span> <span class='ocrx_word' id='word_1_115' title='bbox 698 1512 723 1546; x_wconf 91' lang='lat' dir='ltr'><strong>ut</strong></span> <span class='ocrx_word' id='word_1_116' title='bbox 737 1517 872 1548; x_wconf 87' lang='lat' dir='ltr'><strong>occurreret</strong></span> <span class='ocrx_word' id='word_1_117' title='bbox 884 1504 1009 1564; x_wconf 90' lang='lat' dir='ltr'><strong>objectioni</strong></span> <span class='ocrx_word' id='word_1_118' title='bbox 1019 1506 1169 1565; x_wconf 63' lang='lat' dir='ltr'><strong>lessinpianae</strong></span> <span class='ocrx_word' id='word_1_119' title='bbox 1182 1505 1228 1562; x_wconf 76' lang='lat' dir='ltr'><strong>(et.</strong></span> 
     </span>
    </p>
   </div>
   <div class='ocr_carea' id='block_1_6' title="bbox 182 1572 1231 1708">
    <p class='ocr_par' dir='ltr' id='par_1_6' title="bbox 182 1572 1231 1708">
     <span class='ocr_line' id='line_1_13' title="bbox 182 1572 1231 1636; baseline 0 -16"><span class='ocrx_word' id='word_1_120' title='bbox 182 1578 277 1620; x_wconf 77' lang='lat' dir='ltr'><strong>Excure.</strong></span> <span class='ocrx_word' id='word_1_121' title='bbox 287 1574 343 1626; x_wconf 74' lang='lat' dir='ltr'><strong>Vll,</strong></span> <span class='ocrx_word' id='word_1_122' title='bbox 357 1574 396 1616; x_wconf 82' lang='lat' dir='ltr'><strong>lin.</strong></span> <span class='ocrx_word' id='word_1_123' title='bbox 404 1575 427 1627; x_wconf 86' lang='lat'><strong>),</strong></span> <span class='ocrx_word' id='word_1_124' title='bbox 441 1572 526 1617; x_wconf 80' lang='lat' dir='ltr'><strong>edidit:</strong></span> <span class='ocrx_word' id='word_1_125' title='bbox 539 1581 562 1616; x_wconf 89' lang='lat' dir='ltr'><strong>ut</strong></span> <span class='ocrx_word' id='word_1_126' title='bbox 575 1575 598 1615; x_wconf 86' lang='grc' dir='ltr'><strong>ιιι</strong></span> <span class='ocrx_word' id='word_1_127' title='bbox 609 1587 677 1634; x_wconf 84' lang='lat' dir='ltr'><strong>specu</strong></span> <span class='ocrx_word' id='word_1_128' title='bbox 687 1590 740 1618; x_wconf 83' lang='lat' dir='ltr'><strong>voce</strong></span> <span class='ocrx_word' id='word_1_129' title='bbox 750 1583 842 1620; x_wconf 82' lang='lat' dir='ltr'><strong>terreret</strong></span> <span class='ocrx_word' id='word_1_130' title='bbox 846 1577 921 1636; x_wconf 79' lang='lat' dir='ltr'><strong>feras.</strong></span> <span class='ocrx_word' id='word_1_131' title='bbox 932 1576 989 1633; x_wconf 74' lang='lat' dir='ltr'><strong>Qua·</strong></span> <span class='ocrx_word' id='word_1_132' title='bbox 1002 1577 1131 1621; x_wconf 72' lang='lat' dir='ltr'><strong>emendatio</strong></span> <span class='ocrx_word' id='word_1_133' title='bbox 1141 1589 1175 1621; x_wconf 81' lang='lat' dir='ltr'><strong>eat</strong></span> <span class='ocrx_word' id='word_1_134' title='bbox 1187 1575 1231 1620; x_wconf 85' lang='lat' dir='ltr'><strong>atl-</strong></span> 
     </span>
     <span class='ocr_line' id='line_1_14' title="bbox 183 1642 1231 1708; baseline -0.002 -16"><span class='ocrx_word' id='word_1_135' title='bbox 183 1647 280 1692; x_wconf 84' lang='lat' dir='ltr'><strong>modum</strong></span> <span class='ocrx_word' id='word_1_136' title='bbox 292 1645 363 1698; x_wconf 88' lang='lat' dir='ltr'><strong>dura,</strong></span> <span class='ocrx_word' id='word_1_137' title='bbox 377 1657 399 1688; x_wconf 87' lang='lat' dir='ltr'><strong>et</strong></span> <span class='ocrx_word' id='word_1_138' title='bbox 412 1643 465 1690; x_wconf 81' lang='lat' dir='ltr'><strong>lacit</strong></span> <span class='ocrx_word' id='word_1_139' title='bbox 479 1659 571 1688; x_wconf 81' lang='lat' dir='ltr'><strong>versum</strong></span> <span class='ocrx_word' id='word_1_140' title='bbox 584 1642 750 1689; x_wconf 73' lang='lat' dir='ltr'><strong>claudicantem</strong></span> <span class='ocrx_word' id='word_1_141' title='bbox 761 1657 839 1691; x_wconf 80' lang='lat' dir='ltr'><strong>etune</strong></span> <span class='ocrx_word' id='word_1_142' title='bbox 849 1646 933 1708; x_wconf 74' lang='lat' dir='ltr'><strong>syllaba</strong></span> <span class='ocrx_word' id='word_1_143' title='bbox 944 1646 1084 1692; x_wconf 82' lang='lat' dir='ltr'><strong>breviorem.</strong></span> <span class='ocrx_word' id='word_1_144' title='bbox 1094 1649 1124 1691; x_wconf 77' lang='lat' dir='ltr'><strong>V.</strong></span> <span class='ocrx_word' id='word_1_145' title='bbox 1136 1642 1231 1703; x_wconf 67' lang='lat' dir='ltr'><strong>uphem.</strong></span> 
     </span>
    </p>
   </div>
   <div class='ocr_carea' id='block_1_7' title="bbox 185 1712 1234 1920">
    <p class='ocr_par' dir='ltr' id='par_1_7' title="bbox 185 1712 1234 1920">
     <span class='ocr_line' id='line_1_15' title="bbox 185 1712 1232 1780; baseline 0 -18"><span class='ocrx_word' id='word_1_146' title='bbox 185 1719 283 1780; x_wconf 77' lang='lat' dir='ltr'><strong>Gottinp.</strong></span> <span class='ocrx_word' id='word_1_147' title='bbox 295 1733 349 1762; x_wconf 83' lang='lat' dir='ltr'><strong>ann.</strong></span> <span class='ocrx_word' id='word_1_148' title='bbox 364 1715 429 1777; x_wconf 75' lang='lat'><strong>1785.</strong></span> <span class='ocrx_word' id='word_1_149' title='bbox 441 1717 522 1760; x_wconf 81' lang='lat' dir='ltr'><strong>Partic.</strong></span> <span class='ocrx_word' id='word_1_150' title='bbox 537 1714 586 1770; x_wconf 80' lang='lat'><strong>164.</strong></span> <span class='ocrx_word' id='word_1_151' title='bbox 600 1712 660 1777; x_wconf 62' lang='lat' dir='ltr'><strong>Any.</strong></span> <span class='ocrx_word' id='word_1_152' title='bbox 673 1717 724 1761; x_wconf 79' lang='lat' dir='ltr'><strong>litt.</strong></span> <span class='ocrx_word' id='word_1_153' title='bbox 737 1718 796 1762; x_wconf 71' lang='lat' dir='ltr'><strong>zare.</strong></span> <span class='ocrx_word' id='word_1_154' title='bbox 807 1734 860 1764; x_wconf 91' lang='lat' dir='ltr'><strong>ann.</strong></span> <span class='ocrx_word' id='word_1_155' title='bbox 877 1718 948 1780; x_wconf 77' lang='lat'><strong>1785:</strong></span> <span class='ocrx_word' id='word_1_156' title='bbox 959 1720 992 1776; x_wconf 89' lang='lat' dir='ltr'><strong>ll,</strong></span> <span class='ocrx_word' id='word_1_157' title='bbox 1004 1716 1056 1763; x_wconf 73' lang='lat'><strong>281.</strong></span> <span class='ocrx_word' id='word_1_158' title='bbox 1067 1719 1154 1778; x_wconf 80' lang='lat' dir='ltr'><strong>Quodsi</strong></span> <span class='ocrx_word' id='word_1_159' title='bbox 1164 1730 1232 1779; x_wconf 84' lang='lat' dir='ltr'><strong>poeta</strong></span> 
     </span>
     <span class='ocr_line' id='line_1_16' title="bbox 186 1785 1234 1849; baseline -0.002 -15"><span class='ocrx_word' id='word_1_160' title='bbox 186 1790 314 1849; x_wconf 80' lang='lat' dir='ltr'><strong>exprimere</strong></span> <span class='ocrx_word' id='word_1_161' title='bbox 323 1787 445 1843; x_wconf 66' lang='lat' dir='ltr'><strong>uoluisset,</strong></span> <span class='ocrx_word' id='word_1_162' title='bbox 457 1803 509 1848; x_wconf 83' lang='lat' dir='ltr'><strong>qun·</strong></span> <span class='ocrx_word' id='word_1_163' title='bbox 522 1799 573 1832; x_wconf 82' lang='lat' dir='ltr'><strong>sunt</strong></span> <span class='ocrx_word' id='word_1_164' title='bbox 586 1788 608 1830; x_wconf 91' lang='lat' dir='ltr'><strong>in</strong></span> <span class='ocrx_word' id='word_1_165' title='bbox 621 1785 697 1831; x_wconf 75' lang='lat' dir='ltr'><strong>fabula</strong></span> <span class='ocrx_word' id='word_1_166' title='bbox 709 1804 781 1848; x_wconf 73' lang='lat' dir='ltr'><strong>graeca</strong></span> <span class='ocrx_word' id='word_1_167' title='bbox 795 1789 857 1847; x_wconf 79' lang='lat' dir='ltr'><strong>(vid.</strong></span> <span class='ocrx_word' id='word_1_168' title='bbox 870 1792 923 1835; x_wconf 82' lang='lat' dir='ltr'><strong>Exc.</strong></span> <span class='ocrx_word' id='word_1_169' title='bbox 937 1792 976 1836; x_wconf 86' lang='lat' dir='ltr'><strong>rit.</strong></span> <span class='ocrx_word' id='word_1_170' title='bbox 986 1794 1010 1848; x_wconf 89' lang='lat'><strong>),</strong></span> <span class='ocrx_word' id='word_1_171' title='bbox 1023 1790 1066 1835; x_wconf 78' lang='lat' dir='ltr'><strong>alio</strong></span> <span class='ocrx_word' id='word_1_172' title='bbox 1078 1788 1148 1834; x_wconf 90' lang='lat' dir='ltr'><strong>modo</strong></span> <span class='ocrx_word' id='word_1_173' title='bbox 1161 1802 1183 1833; x_wconf 91' lang='lat' dir='ltr'><strong>et</strong></span> <span class='ocrx_word' id='word_1_174' title='bbox 1196 1787 1234 1832; x_wconf 92' lang='lat' dir='ltr'><strong>lu-</strong></span> 
     </span>
     <span class='ocr_line' id='line_1_17' title="bbox 186 1856 1234 1920; baseline -0.002 -17"><span class='ocrx_word' id='word_1_175' title='bbox 186 1858 300 1903; x_wconf 74' lang='lat' dir='ltr'><strong>culentius</strong></span> <span class='ocrx_word' id='word_1_176' title='bbox 313 1873 463 1919; x_wconf 65' lang='lat' dir='ltr'><strong>expressurus</strong></span> <span class='ocrx_word' id='word_1_177' title='bbox 477 1857 566 1900; x_wconf 82' lang='lat' dir='ltr'><strong>luisset.</strong></span> <span class='ocrx_word' id='word_1_178' title='bbox 582 1857 652 1900; x_wconf 82' lang='lat' dir='ltr'><strong>Recte</strong></span> <span class='ocrx_word' id='word_1_179' title='bbox 668 1856 736 1916; x_wconf 76' lang='lat' dir='ltr'><strong>igitur</strong></span> <span class='ocrx_word' id='word_1_180' title='bbox 750 1860 838 1904; x_wconf 75' lang='lat' dir='ltr'><strong>Censor</strong></span> <span class='ocrx_word' id='word_1_181' title='bbox 851 1859 955 1904; x_wconf 80' lang='lat' dir='ltr'><strong>eruditus</strong></span> <span class='ocrx_word' id='word_1_182' title='bbox 970 1862 992 1904; x_wconf 88' lang='lat' dir='ltr'><strong>in</strong></span> <span class='ocrx_word' id='word_1_183' title='bbox 1006 1858 1102 1920; x_wconf 81' lang='lat' dir='ltr'><strong>Ephem.</strong></span> <span class='ocrx_word' id='word_1_184' title='bbox 1118 1858 1171 1902; x_wconf 78' lang='lat' dir='ltr'><strong>litt.</strong></span> <span class='ocrx_word' id='word_1_185' title='bbox 1184 1858 1234 1902; x_wconf 78' lang='lat' dir='ltr'><strong>co-</strong></span> 
     </span>
    </p>
   </div>
   <div class='ocr_carea' id='block_1_8' title="bbox 186 1925 1237 1992">
    <p class='ocr_par' dir='ltr' id='par_1_8' title="bbox 186 1925 1237 1992">
     <span class='ocr_line' id='line_1_18' title="bbox 186 1925 1237 1992; baseline -0.004 -17"><span class='ocrx_word' id='word_1_186' title='bbox 186 1926 249 1975; x_wconf 76' lang='lat' dir='ltr'><strong>then</strong></span> <span class='ocrx_word' id='word_1_187' title='bbox 265 1945 318 1974; x_wconf 84' lang='lat' dir='ltr'><strong>ann.</strong></span> <span class='ocrx_word' id='word_1_188' title='bbox 337 1929 406 1990; x_wconf 75' lang='lat'><strong>1785,</strong></span> <span class='ocrx_word' id='word_1_189' title='bbox 421 1943 473 1990; x_wconf 73' lang='lat' dir='ltr'><strong>pag.</strong></span> <span class='ocrx_word' id='word_1_190' title='bbox 488 1926 547 1981; x_wconf 70' lang='grc' dir='ltr'>ιιι,</span> <span class='ocrx_word' id='word_1_191' title='bbox 562 1942 587 1972; x_wconf 81' lang='lat' dir='ltr'><strong>so</strong></span> <span class='ocrx_word' id='word_1_192' title='bbox 601 1925 750 1991; x_wconf 72' lang='lat' dir='ltr'><strong>dinqeworfeu</strong></span> <span class='ocrx_word' id='word_1_193' title='bbox 762 1931 810 1974; x_wconf 85' lang='lat' dir='ltr'><strong>und</strong></span> <span class='ocrx_word' id='word_1_194' title='bbox 822 1929 985 1976; x_wconf 75' lang='lat' dir='ltr'><strong>urruerbercitet</strong></span> <span class='ocrx_word' id='word_1_195' title='bbox 998 1929 1096 1975; x_wconf 77' lang='lat' dir='ltr'><strong>srltioilt</strong></span> <span class='ocrx_word' id='word_1_196' title='bbox 1109 1927 1158 1974; x_wconf 78' lang='lat' dir='ltr'><strong>lein</strong></span> <span class='ocrx_word' id='word_1_197' title='bbox 1170 1937 1237 1992; x_wconf 67' lang='lat' dir='ltr'><strong>puter</strong></span> 
     </span>
    </p>
   </div>
   <div class='ocr_carea' id='block_1_9' title="bbox 191 2069 1331 4296">
    <p class='ocr_par' dir='ltr' id='par_1_9' title="bbox 191 2069 1331 4296">
     <span class='ocr_line' id='line_1_19' title="bbox 191 2069 1239 2152; baseline -0.008 -19"><span class='ocrx_word' id='word_1_198' title='bbox 191 2085 296 2152; x_wconf 90' lang='lat' dir='ltr'><strong>proprie</strong></span> <span class='ocrx_word' id='word_1_199' title='bbox 309 2083 336 2132; x_wconf 93' lang='lat' dir='ltr'><strong>in</strong></span> <span class='ocrx_word' id='word_1_200' title='bbox 347 2079 419 2133; x_wconf 86' lang='lat' dir='ltr'><strong>bello</strong></span> <span class='ocrx_word' id='word_1_201' title='bbox 434 2080 587 2152; x_wconf 77' lang='lat' dir='ltr'><strong>adquiritur.</strong></span> <span class='ocrx_word' id='word_1_202' title='bbox 600 2069 639 2130; x_wconf 81' lang='lat' dir='ltr'><strong>lto</strong></span> <span class='ocrx_word' id='word_1_203' title='bbox 654 2077 693 2131; x_wconf 90' lang='lat' dir='ltr'><strong>Cl.</strong></span> <span class='ocrx_word' id='word_1_204' title='bbox 735 2081 818 2135; x_wconf 77' lang='lat' dir='ltr'><strong>fallas.</strong></span> <span class='ocrx_word' id='word_1_205' title='bbox 831 2106 841 2130; x_wconf 75' lang='grc' dir='ltr'><strong>ι</strong></span> <span class='ocrx_word' id='word_1_206' title='bbox 853 2083 931 2136; x_wconf 71' lang='lat' dir='ltr'><strong>Plura</strong></span> <span class='ocrx_word' id='word_1_207' title='bbox 941 2077 1239 2151; x_wconf 71' lang='lat' dir='ltr'><strong>dabitGud.-[19n0·</strong></span> 
     </span>
     <span class='ocr_line' id='line_1_20' title="bbox 192 2158 1237 2234; baseline -0.004 -20"><span class='ocrx_word' id='word_1_208' title='bbox 192 2160 275 2214; x_wconf 79' lang='lat' dir='ltr'><strong>Sclur.</strong></span> <span class='ocrx_word' id='word_1_209' title='bbox 293 2180 382 2212; x_wconf 74' lang='lat' dir='ltr'><strong>verum</strong></span> <span class='ocrx_word' id='word_1_210' title='bbox 397 2158 446 2211; x_wconf 81' lang='lat' dir='ltr'><strong>alia</strong></span> <span class='ocrx_word' id='word_1_211' title='bbox 464 2162 510 2212; x_wconf 91' lang='lat' dir='ltr'><strong>erit</strong></span> <span class='ocrx_word' id='word_1_212' title='bbox 528 2179 614 2223; x_wconf 82' lang='lat' dir='ltr'><strong>mens,</strong></span> <span class='ocrx_word' id='word_1_213' title='bbox 631 2158 695 2209; x_wconf 86' lang='lat' dir='ltr'><strong>alius</strong></span> <span class='ocrx_word' id='word_1_214' title='bbox 736 2171 781 2212; x_wconf 81' lang='lat' dir='ltr'><strong>tos.</strong></span> <span class='ocrx_word' id='word_1_215' title='bbox 799 2164 906 2230; x_wconf 72' lang='lat' dir='ltr'><strong>Ignotus</strong></span> <span class='ocrx_word' id='word_1_216' title='bbox 920 2163 987 2234; x_wconf 84' lang='lat' dir='ltr'><strong>(pro</strong></span> <span class='ocrx_word' id='word_1_217' title='bbox 1002 2163 1043 2227; x_wconf 83' lang='lat' dir='ltr'><strong>iu,</strong></span> <span class='ocrx_word' id='word_1_218' title='bbox 1060 2181 1105 2213; x_wconf 90' lang='lat' dir='ltr'><strong>seu</strong></span> <span class='ocrx_word' id='word_1_219' title='bbox 1121 2178 1172 2211; x_wconf 84' lang='grc' dir='ltr'>ιιοιι</span> <span class='ocrx_word' id='word_1_220' title='bbox 1189 2177 1237 2210; x_wconf 82' lang='lat' dir='ltr'><strong>no·</strong></span> 
     </span>
     <span class='ocr_line' id='line_1_21' title="bbox 191 2236 1238 2314; baseline -0.009 -19"><span class='ocrx_word' id='word_1_221' title='bbox 191 2261 278 2295; x_wconf 69' lang='lat' dir='ltr'><strong>termo</strong></span> <span class='ocrx_word' id='word_1_222' title='bbox 295 2240 390 2312; x_wconf 70' lang='lat' dir='ltr'><strong>legenti</strong></span> <span class='ocrx_word' id='word_1_223' title='bbox 408 2239 515 2293; x_wconf 79' lang='lat' dir='ltr'><strong>cuilibet</strong></span> <span class='ocrx_word' id='word_1_224' title='bbox 532 2241 602 2292; x_wconf 85' lang='lat' dir='ltr'><strong>hauc</strong></span> <span class='ocrx_word' id='word_1_225' title='bbox 617 2236 696 2291; x_wconf 88' lang='lat' dir='ltr'><strong>Tullii</strong></span> <span class='ocrx_word' id='word_1_226' title='bbox 737 2243 805 2314; x_wconf 77' lang='lat' dir='ltr'><strong>tut),</strong></span> <span class='ocrx_word' id='word_1_227' title='bbox 817 2241 924 2312; x_wconf 75' lang='lat' dir='ltr'><strong>gallice,</strong></span> <span class='ocrx_word' id='word_1_228' title='bbox 939 2246 985 2313; x_wconf 85' lang='lat' dir='ltr'><strong>qui</strong></span> <span class='ocrx_word' id='word_1_229' title='bbox 996 2241 1057 2292; x_wconf 78' lang='lat' dir='ltr'><strong>n&#39;ert</strong></span> <span class='ocrx_word' id='word_1_230' title='bbox 1064 2241 1141 2312; x_wconf 83' lang='lat' dir='ltr'><strong>point</strong></span> <span class='ocrx_word' id='word_1_231' title='bbox 1151 2257 1238 2289; x_wconf 84' lang='lat' dir='ltr'><strong>counu</strong></span> 
     </span>
     <span class='ocr_line' id='line_1_22' title="bbox 193 2319 1240 2393; baseline -0.01 -20"><span class='ocrx_word' id='word_1_232' title='bbox 193 2322 389 2374; x_wconf 82' lang='lat' dir='ltr'><strong>definitionem:</strong></span> <span class='ocrx_word' id='word_1_233' title='bbox 412 2321 515 2393; x_wconf 73' lang='lat' dir='ltr'><strong>ngloria</strong></span> <span class='ocrx_word' id='word_1_234' title='bbox 532 2336 570 2374; x_wconf 78' lang='lat' dir='ltr'><strong>est</strong></span> <span class='ocrx_word' id='word_1_235' title='bbox 585 2339 697 2372; x_wconf 87' lang='lat' dir='ltr'><strong>consen·</strong></span> <span class='ocrx_word' id='word_1_236' title='bbox 736 2333 805 2372; x_wconf 78' lang='lat' dir='ltr'><strong>etue</strong></span> <span class='ocrx_word' id='word_1_237' title='bbox 814 2319 920 2372; x_wconf 64' lang='lat' dir='ltr'><strong>contrait</strong></span> <span class='ocrx_word' id='word_1_238' title='bbox 928 2323 1012 2392; x_wconf 82' lang='lat' dir='ltr'><strong>point.</strong></span> <span class='ocrx_word' id='word_1_239' title='bbox 1027 2320 1185 2391; x_wconf 75' lang='grc' dir='ltr'>Ιιιιοφιιιιιι,</span> <span class='ocrx_word' id='word_1_240' title='bbox 1195 2319 1240 2390; x_wconf 75' lang='lat' dir='ltr'><strong>qni</strong></span> 
     </span>
     <span class='ocr_line' id='line_1_23' title="bbox 196 2397 1240 2472; baseline -0.008 -21"><span class='ocrx_word' id='word_1_241' title='bbox 196 2403 262 2451; x_wconf 86' lang='lat' dir='ltr'><strong>tiens</strong></span> <span class='ocrx_word' id='word_1_242' title='bbox 269 2399 325 2452; x_wconf 87' lang='lat' dir='ltr'><strong>laus</strong></span> <span class='ocrx_word' id='word_1_243' title='bbox 333 2400 479 2465; x_wconf 86' lang='lat' dir='ltr'><strong>honorum,</strong></span> <span class='ocrx_word' id='word_1_244' title='bbox 488 2404 640 2472; x_wconf 90' lang='lat' dir='ltr'><strong>incorrupta</strong></span> <span class='ocrx_word' id='word_1_245' title='bbox 647 2419 697 2450; x_wconf 81' lang='lat' dir='ltr'><strong>vox</strong></span> <span class='ocrx_word' id='word_1_246' title='bbox 738 2399 799 2450; x_wconf 80' lang='lat' dir='ltr'><strong>u&#39;est</strong></span> <span class='ocrx_word' id='word_1_247' title='bbox 806 2419 854 2470; x_wconf 81' lang='lat' dir='ltr'><strong>pas</strong></span> <span class='ocrx_word' id='word_1_248' title='bbox 862 2419 956 2451; x_wconf 79' lang='lat' dir='ltr'><strong>cortou.</strong></span> <span class='ocrx_word' id='word_1_249' title='bbox 966 2397 1048 2463; x_wconf 92' lang='lat' dir='ltr'><strong>lllud,</strong></span> <span class='ocrx_word' id='word_1_250' title='bbox 1059 2399 1141 2448; x_wconf 80' lang='lat' dir='ltr'><strong>active</strong></span> <span class='ocrx_word' id='word_1_251' title='bbox 1149 2408 1174 2447; x_wconf 89' lang='lat' dir='ltr'><strong>et</strong></span> <span class='ocrx_word' id='word_1_252' title='bbox 1181 2413 1240 2466; x_wconf 81' lang='lat' dir='ltr'><strong>pas-</strong></span> 
     </span>
     <span class='ocr_line' id='line_1_24' title="bbox 197 2476 1241 2550; baseline -0.006 -21"><span class='ocrx_word' id='word_1_253' title='bbox 197 2479 264 2529; x_wconf 88' lang='lat' dir='ltr'><strong>bene</strong></span> <span class='ocrx_word' id='word_1_254' title='bbox 272 2479 446 2550; x_wconf 83' lang='lat' dir='ltr'><strong>judicantium</strong></span> <span class='ocrx_word' id='word_1_255' title='bbox 457 2480 490 2531; x_wconf 92' lang='lat' dir='ltr'><strong>de</strong></span> <span class='ocrx_word' id='word_1_256' title='bbox 500 2478 642 2532; x_wconf 81' lang='lat' dir='ltr'><strong>excellente</strong></span> <span class='ocrx_word' id='word_1_257' title='bbox 652 2481 699 2528; x_wconf 69' lang='lat' dir='ltr'><strong>vir</strong></span> <span class='ocrx_word' id='word_1_258' title='bbox 738 2480 791 2530; x_wconf 80' lang='lat' dir='ltr'><strong>aire</strong></span> <span class='ocrx_word' id='word_1_259' title='bbox 803 2491 958 2550; x_wconf 86' lang='lat' dir='ltr'><strong>usurpatum</strong></span> <span class='ocrx_word' id='word_1_260' title='bbox 972 2499 977 2527; x_wconf 92' lang='lat'>:</span> <span class='ocrx_word' id='word_1_261' title='bbox 993 2476 1045 2529; x_wconf 86' lang='lat' dir='ltr'><strong>hoc</strong></span> <span class='ocrx_word' id='word_1_262' title='bbox 1062 2477 1164 2546; x_wconf 81' lang='lat' dir='ltr'><strong>passive</strong></span> <span class='ocrx_word' id='word_1_263' title='bbox 1180 2487 1241 2524; x_wconf 88' lang='lat' dir='ltr'><strong>tan-</strong></span> 
     </span>
     <span class='ocr_line' id='line_1_25' title="bbox 198 2556 1242 2627; baseline -0.003 -24"><span class='ocrx_word' id='word_1_264' title='bbox 198 2569 267 2608; x_wconf 74' lang='lat' dir='ltr'><strong>tute:</strong></span> <span class='ocrx_word' id='word_1_265' title='bbox 280 2582 290 2603; x_wconf 70' lang='grc' dir='ltr'><strong>ι</strong></span> <span class='ocrx_word' id='word_1_266' title='bbox 311 2572 350 2624; x_wconf 67' lang='lat' dir='ltr'><strong>et,</strong></span> <span class='ocrx_word' id='word_1_267' title='bbox 372 2559 475 2627; x_wconf 74' lang='lat' dir='ltr'><strong>«gloria</strong></span> <span class='ocrx_word' id='word_1_268' title='bbox 495 2573 532 2610; x_wconf 80' lang='lat' dir='ltr'><strong>eat</strong></span> <span class='ocrx_word' id='word_1_269' title='bbox 552 2557 656 2609; x_wconf 83' lang='lat' dir='ltr'><strong>illustris</strong></span> <span class='ocrx_word' id='word_1_270' title='bbox 673 2567 698 2605; x_wconf 88' lang='lat' dir='ltr'><strong>et</strong></span> <span class='ocrx_word' id='word_1_271' title='bbox 739 2569 802 2607; x_wconf 87' lang='lat' dir='ltr'><strong>tum.</strong></span> <span class='ocrx_word' id='word_1_272' title='bbox 813 2588 848 2596; x_wconf 90' lang='lat'><em>-</em></span> <span class='ocrx_word' id='word_1_273' title='bbox 859 2560 938 2619; x_wconf 84' lang='lat' dir='ltr'><strong>uotis,</strong></span> <span class='ocrx_word' id='word_1_274' title='bbox 955 2560 972 2607; x_wconf 88' lang='lat' dir='ltr'><strong>i.</strong></span> <span class='ocrx_word' id='word_1_275' title='bbox 984 2574 1007 2607; x_wconf 89' lang='lat' dir='ltr'><strong>e.</strong></span> <span class='ocrx_word' id='word_1_276' title='bbox 1019 2557 1115 2618; x_wconf 76' lang='lat' dir='ltr'><strong>active,</strong></span> <span class='ocrx_word' id='word_1_277' title='bbox 1127 2556 1242 2625; x_wconf 81' lang='lat' dir='ltr'><strong>quicum</strong></span> 
     </span>
     <span class='ocr_line' id='line_1_26' title="bbox 197 2628 1217 2711; baseline -0.008 -22"><span class='ocrx_word' id='word_1_278' title='bbox 197 2655 336 2711; x_wconf 76' lang='lat' dir='ltr'><strong>pervagata</strong></span> <span class='ocrx_word' id='word_1_279' title='bbox 348 2638 488 2691; x_wconf 90' lang='lat' dir='ltr'><strong>multorum</strong></span> <span class='ocrx_word' id='word_1_280' title='bbox 500 2652 525 2691; x_wconf 91' lang='lat' dir='ltr'><strong>et</strong></span> <span class='ocrx_word' id='word_1_281' title='bbox 534 2655 698 2707; x_wconf 76' lang='lat' dir='ltr'><strong>magnorum,</strong></span> <span class='ocrx_word' id='word_1_282' title='bbox 740 2651 845 2687; x_wconf 85' lang='lat' dir='ltr'><strong>norunt.</strong></span> <span class='ocrx_word' id='word_1_283' title='bbox 859 2635 917 2688; x_wconf 88' lang='lat' dir='ltr'><strong>Vid.</strong></span> <span class='ocrx_word' id='word_1_284' title='bbox 933 2637 992 2687; x_wconf 81' lang='lat' dir='ltr'><strong>inlr.</strong></span> <span class='ocrx_word' id='word_1_285' title='bbox 1004 2654 1029 2684; x_wconf 82' lang='lat' dir='ltr'><strong>v.</strong></span> <span class='ocrx_word' id='word_1_286' title='bbox 1045 2653 1061 2703; x_wconf 84' lang='lat'><strong>9</strong></span> <span class='ocrx_word' id='word_1_287' title='bbox 1074 2644 1155 2683; x_wconf 82' lang='lat' dir='ltr'><strong>notos.</strong></span> <span class='ocrx_word' id='word_1_288' title='bbox 1168 2628 1217 2700; x_wconf 69' lang='grc'><strong>0.]</strong></span> 
     </span>
     <span class='ocr_line' id='line_1_27' title="bbox 197 2710 1244 2787; baseline -0.009 -19"><span class='ocrx_word' id='word_1_289' title='bbox 197 2717 237 2768; x_wconf 86' lang='lat' dir='ltr'><strong>vel</strong></span> <span class='ocrx_word' id='word_1_290' title='bbox 255 2722 281 2769; x_wconf 91' lang='lat' dir='ltr'><strong>in</strong></span> <span class='ocrx_word' id='word_1_291' title='bbox 301 2738 362 2770; x_wconf 85' lang='lat' dir='ltr'><strong>suos</strong></span> <span class='ocrx_word' id='word_1_292' title='bbox 378 2720 459 2783; x_wconf 78' lang='lat' dir='ltr'><strong>ciues,</strong></span> <span class='ocrx_word' id='word_1_293' title='bbox 476 2717 517 2769; x_wconf 83' lang='lat' dir='ltr'><strong>vel</strong></span> <span class='ocrx_word' id='word_1_294' title='bbox 531 2720 557 2767; x_wconf 91' lang='grc' dir='ltr'><strong>ιιι</strong></span> <span class='ocrx_word' id='word_1_295' title='bbox 575 2718 700 2787; x_wconf 82' lang='lat' dir='ltr'><strong>patriam,</strong></span> <span class='ocrx_word' id='word_1_296' title='bbox 777 2715 801 2766; x_wconf 86' lang='lat'><strong>3.</strong></span> <span class='ocrx_word' id='word_1_297' title='bbox 821 2717 908 2767; x_wconf 79' lang='lat' dir='ltr'><strong>Pousis</strong></span> <span class='ocrx_word' id='word_1_298' title='bbox 921 2716 1137 2786; x_wconf 87' lang='lat' dir='ltr'><strong>compositionem</strong></span> <span class='ocrx_word' id='word_1_299' title='bbox 1153 2710 1244 2781; x_wconf 73' lang='lat' dir='ltr'><strong>vulga·</strong></span> 
     </span>
     <span class='ocr_line' id='line_1_28' title="bbox 198 2787 1243 2867; baseline -0.011 -19"><span class='ocrx_word' id='word_1_300' title='bbox 198 2797 238 2850; x_wconf 82' lang='lat' dir='ltr'><strong>rel</strong></span> <span class='ocrx_word' id='word_1_301' title='bbox 253 2803 279 2850; x_wconf 95' lang='lat' dir='ltr'><strong>in</strong></span> <span class='ocrx_word' id='word_1_302' title='bbox 294 2818 371 2850; x_wconf 90' lang='lat' dir='ltr'><strong>omne</strong></span> <span class='ocrx_word' id='word_1_303' title='bbox 385 2817 466 2867; x_wconf 62' lang='lat' dir='ltr'><strong>[genus</strong></span> <span class='ocrx_word' id='word_1_304' title='bbox 480 2797 615 2848; x_wconf 85' lang='lat' dir='ltr'><strong>homiuum</strong></span> <span class='ocrx_word' id='word_1_305' title='bbox 631 2797 701 2845; x_wconf 84' lang='lat' dir='ltr'><strong>fama</strong></span> <span class='ocrx_word' id='word_1_306' title='bbox 742 2815 796 2847; x_wconf 91' lang='lat' dir='ltr'><strong>rem</strong></span> <span class='ocrx_word' id='word_1_307' title='bbox 809 2797 920 2846; x_wconf 77' lang='lat' dir='ltr'><strong>invertit.</strong></span> <span class='ocrx_word' id='word_1_308' title='bbox 934 2824 969 2834; x_wconf 80' lang='lat'><strong>—-</strong></span> <span class='ocrx_word' id='word_1_309' title='bbox 984 2794 1009 2858; x_wconf 94' lang='lat'><strong>4.</strong></span> <span class='ocrx_word' id='word_1_310' title='bbox 1030 2793 1149 2844; x_wconf 76' lang='lat' dir='ltr'><strong>Contexit</strong></span> <span class='ocrx_word' id='word_1_311' title='bbox 1167 2787 1243 2840; x_wconf 80' lang='lat' dir='ltr'><strong>illurn</strong></span> 
     </span>
     <span class='ocr_line' id='line_1_29' title="bbox 199 2867 1246 2944; baseline -0.011 -16"><span class='ocrx_word' id='word_1_312' title='bbox 199 2879 359 2928; x_wconf 89' lang='lat' dir='ltr'><strong>meritorum.</strong></span> <span class='ocrx_word' id='word_1_313' title='bbox 372 2900 382 2921; x_wconf 74' lang='grc' dir='ltr'><strong>ι</strong></span> <span class='ocrx_word' id='word_1_314' title='bbox 393 2878 431 2925; x_wconf 83' lang='lat' dir='ltr'><strong>Ex</strong></span> <span class='ocrx_word' id='word_1_315' title='bbox 441 2875 491 2927; x_wconf 85' lang='lat' dir='ltr'><strong>lxac</strong></span> <span class='ocrx_word' id='word_1_316' title='bbox 501 2875 654 2925; x_wconf 86' lang='lat' dir='ltr'><strong>delinitione</strong></span> <span class='ocrx_word' id='word_1_317' title='bbox 665 2891 702 2922; x_wconf 87' lang='lat' dir='ltr'><strong>se·</strong></span> <span class='ocrx_word' id='word_1_318' title='bbox 737 2873 850 2944; x_wconf 79' lang='lat' dir='ltr'><strong>frutice,</strong></span> <span class='ocrx_word' id='word_1_319' title='bbox 870 2869 984 2923; x_wconf 88' lang='lat' dir='ltr'><strong>occuluit</strong></span> <span class='ocrx_word' id='word_1_320' title='bbox 1004 2868 1075 2920; x_wconf 88' lang='lat' dir='ltr'><strong>illurn</strong></span> <span class='ocrx_word' id='word_1_321' title='bbox 1096 2867 1246 2927; x_wconf 80' lang='lat' dir='ltr'><strong>fruticibus,</strong></span> 
     </span>
     <span class='ocr_line' id='line_1_30' title="bbox 199 2945 1248 3024; baseline -0.011 -19"><span class='ocrx_word' id='word_1_322' title='bbox 199 2957 301 3024; x_wconf 84' lang='lat' dir='ltr'><strong>quitur,</strong></span> <span class='ocrx_word' id='word_1_323' title='bbox 320 2958 345 3004; x_wconf 74' lang='grc' dir='ltr'><strong>ιο</strong></span> <span class='ocrx_word' id='word_1_324' title='bbox 358 2952 468 3024; x_wconf 73' lang='lat' dir='ltr'><strong>pluriam</strong></span> <span class='ocrx_word' id='word_1_325' title='bbox 484 2952 534 3004; x_wconf 87' lang='lat' dir='ltr'><strong>diei</strong></span> <span class='ocrx_word' id='word_1_326' title='bbox 549 2950 703 3021; x_wconf 72' lang='lat' dir='ltr'><strong>generaliter</strong></span> <span class='ocrx_word' id='word_1_327' title='bbox 744 2969 803 3012; x_wconf 85' lang='lat' dir='ltr'><strong>seu,</strong></span> <span class='ocrx_word' id='word_1_328' title='bbox 812 2962 842 3002; x_wconf 88' lang='grc' dir='ltr'><strong>ιιι</strong></span> <span class='ocrx_word' id='word_1_329' title='bbox 851 2952 1014 3000; x_wconf 87' lang='lat' dir='ltr'><strong>Burmannus</strong></span> <span class='ocrx_word' id='word_1_330' title='bbox 1024 2945 1149 3017; x_wconf 85' lang='lat' dir='ltr'><strong>explieat,</strong></span> <span class='ocrx_word' id='word_1_331' title='bbox 1160 2947 1186 2995; x_wconf 93' lang='lat' dir='ltr'><strong>in</strong></span> <span class='ocrx_word' id='word_1_332' title='bbox 1195 2945 1248 2994; x_wconf 85' lang='lat' dir='ltr'><strong>fru-</strong></span> 
     </span>
     <span class='ocr_line' id='line_1_31' title="bbox 199 3021 1249 3102; baseline -0.014 -17"><span class='ocrx_word' id='word_1_333' title='bbox 199 3036 232 3085; x_wconf 78' lang='lat' dir='ltr'><strong>dc</strong></span> <span class='ocrx_word' id='word_1_334' title='bbox 246 3033 318 3082; x_wconf 76' lang='lat' dir='ltr'><strong>rebus</strong></span> <span class='ocrx_word' id='word_1_335' title='bbox 326 3030 435 3102; x_wconf 75' lang='lat' dir='ltr'><strong>ploriose</strong></span> <span class='ocrx_word' id='word_1_336' title='bbox 445 3032 534 3102; x_wconf 67' lang='lat' dir='ltr'><strong>pentir,-</strong></span> <span class='ocrx_word' id='word_1_337' title='bbox 548 3036 584 3080; x_wconf 79' lang='lat'><strong>2⁰.</strong></span> <span class='ocrx_word' id='word_1_338' title='bbox 597 3049 637 3081; x_wconf 90' lang='lat' dir='ltr'><strong>res</strong></span> <span class='ocrx_word' id='word_1_339' title='bbox 648 3028 703 3099; x_wconf 65' lang='lat' dir='ltr'><strong>glo·</strong></span> <span class='ocrx_word' id='word_1_340' title='bbox 745 3032 823 3080; x_wconf 86' lang='lat' dir='ltr'><strong>tieeto</strong></span> <span class='ocrx_word' id='word_1_341' title='bbox 836 3046 895 3079; x_wconf 89' lang='lat' dir='ltr'><strong>eum</strong></span> <span class='ocrx_word' id='word_1_342' title='bbox 906 3026 985 3076; x_wconf 79' lang='lat' dir='ltr'><strong>latere</strong></span> <span class='ocrx_word' id='word_1_343' title='bbox 992 3024 1077 3093; x_wconf 80' lang='lat' dir='ltr'><strong>jussit.</strong></span> <span class='ocrx_word' id='word_1_344' title='bbox 1091 3021 1193 3073; x_wconf 85' lang='lat' dir='ltr'><strong>Frutice</strong></span> <span class='ocrx_word' id='word_1_345' title='bbox 1203 3040 1249 3091; x_wconf 88' lang='lat' dir='ltr'><strong>per</strong></span> 
     </span>
     <span class='ocr_line' id='line_1_32' title="bbox 200 3097 1248 3182; baseline -0.015 -19"><span class='ocrx_word' id='word_1_346' title='bbox 200 3108 705 3182; x_wconf 70' lang='lat' dir='ltr'><strong>riosegeatusessegenuinumseholium</strong></span> <span class='ocrx_word' id='word_1_347' title='bbox 745 3107 888 3176; x_wconf 71' lang='lat' dir='ltr'><strong>Enallngeu</strong></span> <span class='ocrx_word' id='word_1_348' title='bbox 909 3106 1017 3175; x_wconf 83' lang='lat' dir='ltr'><strong>ponitur</strong></span> <span class='ocrx_word' id='word_1_349' title='bbox 1035 3099 1089 3171; x_wconf 42' lang='lat' dir='ltr'><strong>pro*</strong></span> <span class='ocrx_word' id='word_1_350' title='bbox 1101 3097 1248 3149; x_wconf 84' lang='lat' dir='ltr'><strong>fruticibus.</strong></span> 
     </span>
     <span class='ocr_line' id='line_1_33' title="bbox 199 3177 1250 3263; baseline -0.014 -19"><span class='ocrx_word' id='word_1_351' title='bbox 199 3195 246 3245; x_wconf 70' lang='lat' dir='ltr'><strong>‘reb&#39;</strong></span> <span class='ocrx_word' id='word_1_352' title='bbox 262 3191 383 3263; x_wconf 74' lang='lat' dir='ltr'><strong>qloriam.</strong></span> <span class='ocrx_word' id='word_1_353' title='bbox 401 3220 436 3230; x_wconf 83' lang='lat'><strong>-—</strong></span> <span class='ocrx_word' id='word_1_354' title='bbox 446 3193 558 3261; x_wconf 81' lang='lat' dir='ltr'><strong>jactans.</strong></span> <span class='ocrx_word' id='word_1_355' title='bbox 578 3184 706 3256; x_wconf 86' lang='lat' dir='ltr'><strong>Simplicis</strong></span> <span class='ocrx_word' id='word_1_356' title='bbox 747 3189 807 3238; x_wconf 85' lang='lat' dir='ltr'><strong>Non</strong></span> <span class='ocrx_word' id='word_1_357' title='bbox 831 3188 899 3236; x_wconf 85' lang='lat' dir='ltr'><strong>enim</strong></span> <span class='ocrx_word' id='word_1_358' title='bbox 921 3183 963 3234; x_wconf 87' lang='lat' dir='ltr'><strong>leo</strong></span> <span class='ocrx_word' id='word_1_359' title='bbox 990 3183 1090 3232; x_wconf 85' lang='lat' dir='ltr'><strong>asinum</strong></span> <span class='ocrx_word' id='word_1_360' title='bbox 1114 3177 1250 3229; x_wconf 84' lang='lat' dir='ltr'><strong>frondibus</strong></span> 
     </span>
     <span class='ocr_line' id='line_1_34' title="bbox 192 3257 1252 3346; baseline -0.012 -25"><span class='ocrx_word' id='word_1_361' title='bbox 192 3275 285 3346; x_wconf 67' lang='lat' dir='ltr'><strong>jacere</strong></span> <span class='ocrx_word' id='word_1_362' title='bbox 306 3268 360 3319; x_wconf 93' lang='lat' dir='ltr'><strong>duo</strong></span> <span class='ocrx_word' id='word_1_363' title='bbox 381 3281 483 3319; x_wconf 85' lang='lat' dir='ltr'><strong>exstant</strong></span> <span class='ocrx_word' id='word_1_364' title='bbox 503 3268 707 3336; x_wconf 72' lang='lat' dir='ltr'><strong>frequentativa,</strong></span> <span class='ocrx_word' id='word_1_365' title='bbox 747 3261 984 3334; x_wconf 79' lang='lat' dir='ltr'><strong>texisseputandus</strong></span> <span class='ocrx_word' id='word_1_366' title='bbox 997 3273 1047 3324; x_wconf 85' lang='lat' dir='ltr'><strong>est,</strong></span> <span class='ocrx_word' id='word_1_367' title='bbox 1062 3257 1252 3330; x_wconf 85' lang='lat' dir='ltr'><strong>quodquidam</strong></span> 
     </span>
     <span class='ocr_line' id='line_1_35' title="bbox 209 3338 1251 3423; baseline -0.014 -21"><span class='ocrx_word' id='word_1_368' title='bbox 209 3358 234 3402; x_wconf 67' lang='grc' dir='ltr'><strong>ιθ</strong></span> <span class='ocrx_word' id='word_1_369' title='bbox 238 3355 357 3423; x_wconf 78' lang='lat' dir='ltr'><strong>jactare,</strong></span> <span class='ocrx_word' id='word_1_370' title='bbox 362 3353 432 3421; x_wconf 87' lang='lat' dir='ltr'><strong>jeter</strong></span> <span class='ocrx_word' id='word_1_371' title='bbox 444 3350 473 3412; x_wconf 71' lang='lat' dir='ltr'><strong>,cd</strong></span> <span class='ocrx_word' id='word_1_372' title='bbox 487 3357 513 3397; x_wconf 84' lang='lat' dir='ltr'><strong>et</strong></span> <span class='ocrx_word' id='word_1_373' title='bbox 528 3345 553 3396; x_wconf 77' lang='lat' dir='ltr'><strong>ld</strong></span> <span class='ocrx_word' id='word_1_374' title='bbox 561 3368 569 3405; x_wconf 93' lang='lat'><strong>,·</strong></span> <span class='ocrx_word' id='word_1_375' title='bbox 586 3350 612 3397; x_wconf 79' lang='lat'><strong>2⁰</strong></span> <span class='ocrx_word' id='word_1_376' title='bbox 625 3346 708 3416; x_wconf 82' lang='lat' dir='ltr'><strong>jacti·</strong></span> <span class='ocrx_word' id='word_1_377' title='bbox 749 3354 880 3408; x_wconf 84' lang='lat' dir='ltr'><strong>statuunt,</strong></span> <span class='ocrx_word' id='word_1_378' title='bbox 892 3353 921 3392; x_wconf 86' lang='lat' dir='ltr'><strong>ut</strong></span> <span class='ocrx_word' id='word_1_379' title='bbox 931 3340 970 3390; x_wconf 85' lang='lat' dir='ltr'><strong>Cl.</strong></span> <span class='ocrx_word' id='word_1_380' title='bbox 980 3339 1074 3400; x_wconf 81' lang='lat' dir='ltr'><strong>Jacob,</strong></span> <span class='ocrx_word' id='word_1_381' title='bbox 1089 3341 1164 3408; x_wconf 84' lang='lat' dir='ltr'><strong>cujus</strong></span> <span class='ocrx_word' id='word_1_382' title='bbox 1179 3338 1251 3406; x_wconf 76' lang='lat' dir='ltr'><strong>praef.</strong></span> 
     </span>
     <span class='ocr_line' id='line_1_36' title="bbox 204 3414 1331 3502; baseline -0.02 -17"><span class='ocrx_word' id='word_1_383' title='bbox 204 3445 267 3497; x_wconf 74' lang='lat' dir='ltr'><strong>tere,</strong></span> <span class='ocrx_word' id='word_1_384' title='bbox 275 3434 494 3502; x_wconf 84' lang='lat' dir='ltr'><strong>frequentativum</strong></span> <span class='ocrx_word' id='word_1_385' title='bbox 503 3430 619 3496; x_wconf 85' lang='lat' dir='ltr'><strong>cujusvis</strong></span> <span class='ocrx_word' id='word_1_386' title='bbox 627 3426 711 3492; x_wconf 81' lang='lat' dir='ltr'><strong>major</strong></span> <span class='ocrx_word' id='word_1_387' title='bbox 749 3422 808 3474; x_wconf 79' lang='lat' dir='ltr'><strong>vide</strong></span> <span class='ocrx_word' id='word_1_388' title='bbox 820 3441 849 3492; x_wconf 89' lang='lat' dir='ltr'><strong>p.</strong></span> <span class='ocrx_word' id='word_1_389' title='bbox 868 3420 912 3484; x_wconf 85' lang='lat'><strong>13,</strong></span> <span class='ocrx_word' id='word_1_390' title='bbox 929 3417 962 3469; x_wconf 85' lang='lat' dir='ltr'><strong>cl.</strong></span> <span class='ocrx_word' id='word_1_391' title='bbox 981 3417 1120 3490; x_wconf 70' lang='lat' dir='ltr'><strong>Biirlrlinq.</strong></span> <span class='ocrx_word' id='word_1_392' title='bbox 1139 3415 1172 3467; x_wconf 87' lang='lat' dir='ltr'><strong>ad</strong></span> <span class='ocrx_word' id='word_1_393' title='bbox 1189 3415 1215 3466; x_wconf 83' lang='lat' dir='ltr'><strong>lx.</strong></span> <span class='ocrx_word' id='word_1_394' title='bbox 1233 3414 1252 3466; x_wconf 91' lang='lat' dir='ltr'><strong>l.</strong></span> <span class='ocrx_word' id='word_1_395' title='bbox 1329 3469 1331 3475; x_wconf 53' lang='grc'>,</span> 
     </span>
     <span class='ocr_line' id='line_1_37' title="bbox 205 3497 1253 3584; baseline -0.017 -20"><span class='ocrx_word' id='word_1_396' title='bbox 205 3527 245 3564; x_wconf 81' lang='lat' dir='ltr'><strong>est</strong></span> <span class='ocrx_word' id='word_1_397' title='bbox 253 3532 331 3584; x_wconf 83' lang='lat' dir='ltr'><strong>quam</strong></span> <span class='ocrx_word' id='word_1_398' title='bbox 339 3509 525 3562; x_wconf 81' lang='lat' dir='ltr'><strong>antecedentis.</strong></span> <span class='ocrx_word' id='word_1_399' title='bbox 533 3504 608 3559; x_wconf 77' lang='lat' dir='ltr'><strong>lllud,</strong></span> <span class='ocrx_word' id='word_1_400' title='bbox 608 3508 712 3576; x_wconf 77' lang='lat' dir='ltr'><strong>jactare</strong></span> <span class='ocrx_word' id='word_1_401' title='bbox 751 3515 776 3555; x_wconf 91' lang='lat' dir='ltr'><strong>et</strong></span> <span class='ocrx_word' id='word_1_402' title='bbox 790 3504 926 3555; x_wconf 86' lang='lat' dir='ltr'><strong>Santoroe.</strong></span> <span class='ocrx_word' id='word_1_403' title='bbox 940 3497 1016 3550; x_wconf 82' lang='lat' dir='ltr'><strong>Unde</strong></span> <span class='ocrx_word' id='word_1_404' title='bbox 1030 3515 1066 3548; x_wconf 87' lang='lat' dir='ltr'><strong>vs.</strong></span> <span class='ocrx_word' id='word_1_405' title='bbox 1087 3514 1130 3560; x_wconf 89' lang='grc' dir='ltr'><strong>ιι,</strong></span> <span class='ocrx_word' id='word_1_406' title='bbox 1150 3497 1253 3547; x_wconf 80' lang='lat' dir='ltr'><strong>asinum</strong></span> 
     </span>
     <span class='ocr_line' id='line_1_38' title="bbox 206 3574 1256 3660; baseline -0.017 -17"><span class='ocrx_word' id='word_1_407' title='bbox 206 3594 341 3655; x_wconf 88' lang='lat' dir='ltr'><strong>nimirum,</strong></span> <span class='ocrx_word' id='word_1_408' title='bbox 363 3603 504 3660; x_wconf 87' lang='lat' dir='ltr'><strong>usurpatur</strong></span> <span class='ocrx_word' id='word_1_409' title='bbox 522 3599 577 3636; x_wconf 88' lang='lat' dir='ltr'><strong>turn</strong></span> <span class='ocrx_word' id='word_1_410' title='bbox 592 3585 711 3655; x_wconf 88' lang='lat' dir='ltr'><strong>proprie,</strong></span> <span class='ocrx_word' id='word_1_411' title='bbox 752 3591 856 3644; x_wconf 81' lang='lat' dir='ltr'><strong>evocat,</strong></span> <span class='ocrx_word' id='word_1_412' title='bbox 875 3578 974 3630; x_wconf 84' lang='lat' dir='ltr'><strong>seilicet</strong></span> <span class='ocrx_word' id='word_1_413' title='bbox 992 3597 1006 3627; x_wconf 93' lang='lat' dir='ltr'><strong>e</strong></span> <span class='ocrx_word' id='word_1_414' title='bbox 1024 3575 1174 3636; x_wconf 83' lang='lat' dir='ltr'><strong>fruticibus;</strong></span> <span class='ocrx_word' id='word_1_415' title='bbox 1193 3574 1256 3626; x_wconf 87' lang='lat' dir='ltr'><strong>hinc</strong></span> 
     </span>
     <span class='ocr_line' id='line_1_39' title="bbox 208 3657 1258 3741; baseline -0.016 -19"><span class='ocrx_word' id='word_1_416' title='bbox 208 3684 264 3722; x_wconf 89' lang='lat' dir='ltr'><strong>tum</strong></span> <span class='ocrx_word' id='word_1_417' title='bbox 283 3671 390 3741; x_wconf 70' lang='lat' dir='ltr'><strong>figurate</strong></span> <span class='ocrx_word' id='word_1_418' title='bbox 402 3691 408 3719; x_wconf 75' lang='grc' dir='ltr'><strong><em>ε</em></strong></span> <span class='ocrx_word' id='word_1_419' title='bbox 422 3668 473 3720; x_wconf 89' lang='lat' dir='ltr'><strong>hoe</strong></span> <span class='ocrx_word' id='word_1_420' title='bbox 487 3685 562 3731; x_wconf 84' lang='lat' dir='ltr'><strong>vero,</strong></span> <span class='ocrx_word' id='word_1_421' title='bbox 573 3664 711 3738; x_wconf 84' lang='lat' dir='ltr'><strong>jactitare,</strong></span> <span class='ocrx_word' id='word_1_422' title='bbox 753 3664 833 3713; x_wconf 77' lang='lat' dir='ltr'><strong>exitus</strong></span> <span class='ocrx_word' id='word_1_423' title='bbox 854 3660 910 3712; x_wconf 85' lang='lat' dir='ltr'><strong>noti</strong></span> <span class='ocrx_word' id='word_1_424' title='bbox 930 3679 944 3710; x_wconf 88' lang='lat' dir='ltr'><strong>e</strong></span> <span class='ocrx_word' id='word_1_425' title='bbox 966 3657 1095 3708; x_wconf 83' lang='lat' dir='ltr'><strong>fruticeto.</strong></span> <span class='ocrx_word' id='word_1_426' title='bbox 1120 3658 1258 3726; x_wconf 75' lang='lat' dir='ltr'><strong>Contepere</strong></span> 
     </span>
     <span class='ocr_line' id='line_1_40' title="bbox 211 3728 1256 3821; baseline -0.019 -18"><span class='ocrx_word' id='word_1_427' title='bbox 211 3738 321 3821; x_wconf 70' lang='lat' dir='ltr'><strong>ligurate</strong></span> <span class='ocrx_word' id='word_1_428' title='bbox 332 3749 466 3800; x_wconf 80' lang='lat' dir='ltr'><strong>duntaxat.</strong></span> <span class='ocrx_word' id='word_1_429' title='bbox 483 3741 531 3815; x_wconf 74' lang='grc'><strong>0.]</strong></span> <span class='ocrx_word' id='word_1_430' title='bbox 755 3755 841 3793; x_wconf 84' lang='lat' dir='ltr'><strong>autem</strong></span> <span class='ocrx_word' id='word_1_431' title='bbox 856 3752 895 3790; x_wconf 85' lang='lat' dir='ltr'><strong>est</strong></span> <span class='ocrx_word' id='word_1_432' title='bbox 906 3736 1037 3789; x_wconf 87' lang='lat' dir='ltr'><strong>occulere.</strong></span> <span class='ocrx_word' id='word_1_433' title='bbox 1050 3736 1091 3787; x_wconf 86' lang='lat' dir='ltr'><strong>sic</strong></span> <span class='ocrx_word' id='word_1_434' title='bbox 1106 3728 1170 3785; x_wconf 73' lang='lat' dir='ltr'><strong>Cres.</strong></span> <span class='ocrx_word' id='word_1_435' title='bbox 1185 3735 1212 3784; x_wconf 89' lang='lat' dir='ltr'><strong>B.</strong></span> <span class='ocrx_word' id='word_1_436' title='bbox 1225 3732 1256 3784; x_wconf 84' lang='lat' dir='ltr'><strong>G.</strong></span> 
     </span>
     <span class='ocr_line' id='line_1_41' title="bbox 248 3811 1259 3900; baseline -0.018 -21"><span class='ocrx_word' id='word_1_437' title='bbox 248 3847 272 3880; x_wconf 71' lang='grc' dir='ltr'><strong>ι.</strong></span> <span class='ocrx_word' id='word_1_438' title='bbox 295 3831 413 3900; x_wconf 76' lang='lat' dir='ltr'><strong>Ipnotos,</strong></span> <span class='ocrx_word' id='word_1_439' title='bbox 434 3826 479 3897; x_wconf 90' lang='lat' dir='ltr'><strong>qui</strong></span> <span class='ocrx_word' id='word_1_440' title='bbox 498 3842 557 3874; x_wconf 90' lang='lat' dir='ltr'><strong>eum</strong></span> <span class='ocrx_word' id='word_1_441' title='bbox 579 3827 714 3891; x_wconf 76' lang='lat' dir='ltr'><strong>ignorant,</strong></span> <span class='ocrx_word' id='word_1_442' title='bbox 753 3822 824 3885; x_wconf 90' lang='lat' dir='ltr'><strong>Vlll,</strong></span> <span class='ocrx_word' id='word_1_443' title='bbox 836 3837 858 3868; x_wconf 89' lang='lat' dir='ltr'><strong>c.</strong></span> <span class='ocrx_word' id='word_1_444' title='bbox 873 3815 903 3883; x_wconf 82' lang='grc'><strong>5,</strong></span> <span class='ocrx_word' id='word_1_445' title='bbox 917 3840 928 3862; x_wconf 71' lang='grc' dir='ltr'><strong>ι</strong></span> <span class='ocrx_word' id='word_1_446' title='bbox 939 3818 965 3866; x_wconf 92' lang='grc' dir='ltr'><strong>ιιι</strong></span> <span class='ocrx_word' id='word_1_447' title='bbox 979 3829 1049 3867; x_wconf 83' lang='lat' dir='ltr'><strong>tecta</strong></span> <span class='ocrx_word' id='word_1_448' title='bbox 1061 3811 1198 3865; x_wconf 82' lang='lat' dir='ltr'><strong>Gallorum</strong></span> <span class='ocrx_word' id='word_1_449' title='bbox 1211 3814 1259 3862; x_wconf 89' lang='lat' dir='ltr'><strong>mi-</strong></span> 
     </span>
     <span class='ocr_line' id='line_1_42' title="bbox 212 3889 1260 3968; baseline -0.023 -7"><span class='ocrx_word' id='word_1_450' title='bbox 212 3929 266 3961; x_wconf 89' lang='lat' dir='ltr'><strong>non</strong></span> <span class='ocrx_word' id='word_1_451' title='bbox 279 3921 382 3959; x_wconf 88' lang='lat' dir='ltr'><strong>norunt.</strong></span> <span class='ocrx_word' id='word_1_452' title='bbox 397 3909 499 3968; x_wconf 75' lang='lat' dir='ltr'><strong>Aetire,</strong></span> <span class='ocrx_word' id='word_1_453' title='bbox 520 3917 549 3955; x_wconf 89' lang='grc' dir='ltr'><strong>ιιι</strong></span> <span class='ocrx_word' id='word_1_454' title='bbox 562 3903 607 3955; x_wconf 79' lang='lat' dir='ltr'><strong>lib.</strong></span> <span class='ocrx_word' id='word_1_455' title='bbox 622 3908 645 3968; x_wconf 93' lang='lat' dir='ltr'><strong>l,</strong></span> <span class='ocrx_word' id='word_1_456' title='bbox 661 3903 713 3954; x_wconf 79' lang='lat' dir='ltr'><strong>fab.</strong></span> <span class='ocrx_word' id='word_1_457' title='bbox 756 3898 812 3950; x_wconf 83' lang='lat' dir='ltr'><strong>lites</strong></span> <span class='ocrx_word' id='word_1_458' title='bbox 835 3897 982 3966; x_wconf 62' lang='lat' dir='ltr'><strong>contegito</strong></span> <span class='ocrx_word' id='word_1_459' title='bbox 1010 3894 1063 3944; x_wconf 88' lang='lat' dir='ltr'><strong>Cic.</strong></span> <span class='ocrx_word' id='word_1_460' title='bbox 1087 3892 1204 3940; x_wconf 75' lang='lat' dir='ltr'><strong>Prorinc.</strong></span> <span class='ocrx_word' id='word_1_461' title='bbox 1230 3889 1260 3954; x_wconf 89' lang='lat'><strong>4,</strong></span> 
     </span>
     <span class='ocr_line' id='line_1_43' title="bbox 212 3973 1266 4060; baseline -0.024 -19"><span class='ocrx_word' id='word_1_462' title='bbox 212 3990 282 4050; x_wconf 78' lang='lat' dir='ltr'><strong>xlv,</strong></span> <span class='ocrx_word' id='word_1_463' title='bbox 294 4007 321 4053; x_wconf 77' lang='grc' dir='ltr'><strong>ι,</strong></span> <span class='ocrx_word' id='word_1_464' title='bbox 332 3991 419 4060; x_wconf 75' lang='grc' dir='ltr'>ιφιοιο</span> <span class='ocrx_word' id='word_1_465' title='bbox 430 3987 495 4038; x_wconf 85' lang='lat' dir='ltr'><strong>loco.</strong></span> <span class='ocrx_word' id='word_1_466' title='bbox 506 3983 562 4035; x_wconf 83' lang='lat' dir='ltr'><strong>Lib.</strong></span> <span class='ocrx_word' id='word_1_467' title='bbox 573 3986 605 4049; x_wconf 73' lang='grc' dir='ltr'><strong>ι’,</strong></span> <span class='ocrx_word' id='word_1_468' title='bbox 615 3983 668 4033; x_wconf 71' lang='lat' dir='ltr'><strong>fal».</strong></span> <span class='ocrx_word' id='word_1_469' title='bbox 680 3985 715 4046; x_wconf 90' lang='lat' dir='ltr'><strong>ll,</strong></span> <span class='ocrx_word' id='word_1_470' title='bbox 758 4005 769 4025; x_wconf 79' lang='lat' dir='ltr'><strong>u</strong></span> <span class='ocrx_word' id='word_1_471' title='bbox 780 3990 920 4046; x_wconf 66' lang='lat' dir='ltr'><strong>contegere</strong></span> <span class='ocrx_word' id='word_1_472' title='bbox 934 3976 995 4024; x_wconf 80' lang='lat' dir='ltr'><strong>vitia</strong></span> <span class='ocrx_word' id='word_1_473' title='bbox 1008 3973 1103 4022; x_wconf 89' lang='lat' dir='ltr'><strong>fronte.</strong></span> <span class='ocrx_word' id='word_1_474' title='bbox 1116 3993 1126 4014; x_wconf 73' lang='grc' dir='ltr'><strong>ι</strong></span> <span class='ocrx_word' id='word_1_475' title='bbox 1264 4034 1266 4039; x_wconf 26' lang='grc' dir='ltr'>Ι</span> 
     </span>
     <span class='ocr_line' id='line_1_44' title="bbox 220 4044 1262 4137; baseline -0.024 -18"><span class='ocrx_word' id='word_1_476' title='bbox 220 4086 264 4129; x_wconf 88' lang='grc' dir='ltr'><strong>ιι,</strong></span> <span class='ocrx_word' id='word_1_477' title='bbox 278 4066 353 4129; x_wconf 85' lang='lat' dir='ltr'><strong>dixit,</strong></span> <span class='ocrx_word' id='word_1_478' title='bbox 367 4092 377 4112; x_wconf 73' lang='lat' dir='ltr'><strong>a</strong></span> <span class='ocrx_word' id='word_1_479' title='bbox 388 4080 416 4118; x_wconf 91' lang='lat' dir='ltr'><strong>ut</strong></span> <span class='ocrx_word' id='word_1_480' title='bbox 425 4068 509 4137; x_wconf 84' lang='lat' dir='ltr'><strong>possis</strong></span> <span class='ocrx_word' id='word_1_481' title='bbox 520 4064 584 4114; x_wconf 82' lang='lat' dir='ltr'><strong>alios</strong></span> <span class='ocrx_word' id='word_1_482' title='bbox 595 4067 717 4133; x_wconf 73' lang='lat' dir='ltr'><strong>ignorun-</strong></span> <span class='ocrx_word' id='word_1_483' title='bbox 792 4057 815 4110; x_wconf 84' lang='grc'><strong>5.</strong></span> <span class='ocrx_word' id='word_1_484' title='bbox 829 4059 929 4108; x_wconf 81' lang='lat' dir='ltr'><strong>insueta</strong></span> <span class='ocrx_word' id='word_1_485' title='bbox 942 4072 995 4104; x_wconf 93' lang='lat' dir='ltr'><strong>non</strong></span> <span class='ocrx_word' id='word_1_486' title='bbox 1008 4054 1057 4122; x_wconf 89' lang='lat' dir='ltr'><strong>ipsi</strong></span> <span class='ocrx_word' id='word_1_487' title='bbox 1068 4051 1154 4112; x_wconf 80' lang='lat' dir='ltr'><strong>asino,</strong></span> <span class='ocrx_word' id='word_1_488' title='bbox 1167 4044 1211 4097; x_wconf 85' lang='lat' dir='ltr'><strong>sed</strong></span> <span class='ocrx_word' id='word_1_489' title='bbox 1224 4047 1262 4096; x_wconf 82' lang='lat' dir='ltr'><strong>le-</strong></span> 
     </span>
     <span class='ocr_line' id='line_1_45' title="bbox 218 4125 1262 4207; baseline -0.023 -10"><span class='ocrx_word' id='word_1_490' title='bbox 218 4161 256 4197; x_wconf 85' lang='lat' dir='ltr'><strong>tes</strong></span> <span class='ocrx_word' id='word_1_491' title='bbox 272 4143 367 4196; x_wconf 80' lang='lat' dir='ltr'><strong>fnllere.</strong></span> <span class='ocrx_word' id='word_1_492' title='bbox 379 4169 390 4191; x_wconf 80' lang='grc' dir='ltr'><strong>ι</strong></span> <span class='ocrx_word' id='word_1_493' title='bbox 412 4148 527 4196; x_wconf 74' lang='lat' dir='ltr'><strong>Avienus</strong></span> <span class='ocrx_word' id='word_1_494' title='bbox 546 4142 598 4193; x_wconf 75' lang='lat' dir='ltr'><strong>fau.</strong></span> <span class='ocrx_word' id='word_1_495' title='bbox 618 4143 649 4205; x_wconf 85' lang='lat' dir='ltr'><strong>V,</strong></span> <span class='ocrx_word' id='word_1_496' title='bbox 672 4157 717 4207; x_wconf 86' lang='lat'><strong>17,</strong></span> <span class='ocrx_word' id='word_1_497' title='bbox 756 4141 804 4201; x_wconf 82' lang='lat' dir='ltr'><strong>ris,</strong></span> <span class='ocrx_word' id='word_1_498' title='bbox 819 4154 875 4206; x_wconf 82' lang='lat' dir='ltr'><strong>quae</strong></span> <span class='ocrx_word' id='word_1_499' title='bbox 889 4133 1001 4184; x_wconf 68' lang='lat' dir='ltr'><strong>adsueto</strong></span> <span class='ocrx_word' id='word_1_500' title='bbox 1013 4125 1169 4180; x_wconf 81' lang='lat' dir='ltr'><strong>clamoribus</strong></span> <span class='ocrx_word' id='word_1_501' title='bbox 1184 4143 1262 4175; x_wconf 80' lang='lat' dir='ltr'><strong>vena·</strong></span> 
     </span>
     <span class='ocr_line' id='line_1_46' title="bbox 220 4200 1249 4296; baseline -0.019 -21"><span class='ocrx_word' id='word_1_502' title='bbox 220 4227 351 4277; x_wconf 75' lang='lat' dir='ltr'><strong>aforsitan</strong></span> <span class='ocrx_word' id='word_1_503' title='bbox 369 4228 471 4296; x_wconf 69' lang='lat' dir='ltr'><strong>ignotos</strong></span> <span class='ocrx_word' id='word_1_504' title='bbox 488 4235 588 4274; x_wconf 89' lang='lat' dir='ltr'><strong>mutato</strong></span> <span class='ocrx_word' id='word_1_505' title='bbox 606 4222 718 4292; x_wconf 52' lang='lat' dir='ltr'><strong>tegmine</strong></span> <span class='ocrx_word' id='word_1_506' title='bbox 758 4231 844 4267; x_wconf 86' lang='lat' dir='ltr'><strong>torum</strong></span> <span class='ocrx_word' id='word_1_507' title='bbox 860 4225 886 4264; x_wconf 86' lang='lat' dir='ltr'><strong>et</strong></span> <span class='ocrx_word' id='word_1_508' title='bbox 902 4229 1013 4274; x_wconf 86' lang='lat' dir='ltr'><strong>canum,</strong></span> <span class='ocrx_word' id='word_1_509' title='bbox 1033 4205 1127 4279; x_wconf 87' lang='lat' dir='ltr'><strong>quibus</strong></span> <span class='ocrx_word' id='word_1_510' title='bbox 1146 4200 1249 4274; x_wconf 86' lang='lat' dir='ltr'><strong>comple</strong></span> 
     </span>
    </p>
   </div>
   <div class='ocr_carea' id='block_1_10' title="bbox 0 0 1462 5018">
    <p class='ocr_par' dir='ltr' id='par_1_10' title="bbox 0 0 1462 5018">
     <span class='ocr_line' id='line_1_47' title="bbox 0 0 1462 5018; baseline 0 0"><span class='ocrx_word' id='word_1_511' title='bbox 0 0 1462 5018; x_wconf 95' lang='lat' dir='ltr'><strong> </strong></span> 
     </span>
    </p>
   </div>
  </div>
 </body>
</html>
