2820 5018
179 406 243 470 55⁸
354 404 640 469 SUPPLENDA
663 404 725 469 ET
748 405 1085 479 EMENDANDA

178 548 369 608 inserviunt:
382 565 446 626 quo
461 542 589 603 nomine
603 542 678 603 illud
690 545 789 605 Taciti
802 547 892 609 Hist.
908 551 951 626 V,
965 573 1001 633 7,
1015 555 1052 613 in
1064 553 1127 615 fine
1140 571 1163 615 et
1176 560 1232 639 (pro

176 639 244 719 sed)
256 635 434 719 epeoemidus
445 631 666 707 inexhaustam,
678 632 861 697 defenditur
875 661 897 699 a
911 641 984 702 VV.
998 644 1073 704 DD.
1088 647 1147 729 Quae
1158 649 1232 706 rarius

179 730 320 791 eamdem
334 724 594 806 significationem
608 726 728 807 accipit.
742 727 848 788 Exstat
862 743 981 792 tamen
995 734 1084 817 apud
1096 738 1158 798 Col.
1168 739 1198 801 V.
1208 741 1230 807 t,

178 820 278 892 locus,
293 818 333 878 ab
347 813 473 875 Horatio
490 815 581 875 Tura.
598 834 628 873 v.
640 836 697 894 que
709 815 868 896 prolatus,
892 823 955 899 qui
976 825 1124 905 apprime
1136 826 1187 886 luc
1197 827 1230 886 la·

179 911 230 971 cit
245 934 259 963 a
269 907 357 979 Olea,
368 905 474 983 inquit,
489 922 588 982 neque
599 900 739 985 depressa
749 904 834 979 loca,
843 929 962 990 neque
972 913 1095 990 ardua,
1105 920 1231 999 magisque

179 996 316 1059 modicos
329 990 422 1055 clivos
435 1002 536 1061 amat,
546 1002 603 1051 etc.
613 1015 628 1046 a
646 988 746 1051 Bothe.

220 1085 270 1145 Vs.
292 1100 336 1141 ιι.
352 1080 462 1137 Notum
478 1076 617 1137 absolute
635 1078 710 1158 poni
726 1079 840 1160 probat
855 1083 1081 1151 Burmannus
1094 1112 1111 1151 c
1125 1093 1197 1174 Prop
1208 1094 1227 1165 l,

178 1189 275 1243 xviri,
292 1169 326 1240 83
340 1164 430 1227 Ovid.
447 1162 779 1240 Trist.11‚466;Fue
796 1170 855 1244 Vl,
872 1174 940 1253 609
956 1195 1008 1256 sq.
1028 1179 1172 1261 Compara
1182 1182 1225 1239 No·

178 1271 243 1321 tom
259 1252 296 1313 cl.
314 1250 416 1313 Bothii
434 1251 472 1310 ad
487 1250 519 1311 h.
535 1251 555 1313 l.
576 1273 649 1313 curn
665 1266 737 1314 nota
755 1257 946 1321 Burmanni
967 1263 1014 1323 ad
1033 1262 1066 1325 h.
1083 1266 1105 1325 l.
1118 1269 1147 1327 iu
1159 1272 1223 1328 un

179 1341 331 1405 menterio
345 1358 435 1401 novo.
450 1337 519 1398 coll.
530 1340 619 1399 Harii
630 1341 687 1421 Bp.
701 1342 769 1401 crit
782 1341 932 1409 deNotis
941 1351 1084 1413 Bentleii
1094 1356 1126 1415 in
1136 1354 1221 1415 clete

242 1475 250 1490 .
266 1450 311 1490 ιι.

180 1453 271 1581 pails.
290 1539 342 1597 9...
360 1536 404 1576 ιι.
426 1519 532 1578 Versio
551 1518 590 1579 ad
609 1538 653 1579 vs.
670 1539 690 1598 9
705 1519 748 1580 ita
763 1523 997 1587 emendanda:
1016 1532 1096 1591 Hier
1109 1532 1220 1591 moder)

178 1612 371 1693 abpewiescu,
391 1605 453 1666 uod
467 1618 571 1667 musste
585 1606 646 1668 sich
660 1611 725 1671 ciue
740 1631 814 1671 neue
828 1610 1018 1679 lsn'inlrertde
1031 1620 1220 1704 Besclriupfuq

178 1699 305 1785 pesalten
319 1697 421 1759 ussat
441 1694 589 1757 Praelata
602 1696 704 1757 Oertel
715 1720 722 1758 :
736 1698 784 1759 die
794 1717 952 1764 umuste
963 1708 1072 1770 Krci'loe
1082 1709 1167 1770 leina
1180 1732 1221 1769 au

180 1789 347 1869 misatuthiq
366 1809 404 1848 zu
423 1783 512 1845 iham
535 1784 626 1849 Valle
646 1787 769 1863 auraici,
791 1791 898 1853 manue
920 1795 1003 1859 ader
1021 1799 1099 1860 aeoli
1119 1801 1173 1860 lior
1187 1804 1222 1859 ais

179 1877 364 1947 ἂτᾶηἱιιιιάεν
375 1873 602 1957 Bescltimpfimp
616 1876 803 1958 abqewiescu.

219 1970 271 2029 Vs.
294 1966 358 2027 13...
377 1965 422 2023 16.
445 1962 544 2022 Naxus
565 1964 714 2025 orationis
733 1965 839 2043 docet,
861 1972 949 2032 sedes
972 1997 1042 2038 ease
1061 1979 1222 2039 antioona

179 2054 384 2139 receptacula,
396 2072 473 2133 quas
487 2066 599 2112 natura
612 2053 698 2114 dedit
709 2059 816 2136 generi
831 2063 1051 2139 graculorum
1061 2067 1145 2147 (Vid.
1154 2089 1222 2149 supa

179 2148 248 2209 Not.
264 2144 330 2205 crit.
347 2139 386 2203 ad
405 2161 448 2199 vs.
475 2140 543 2216 13),
564 2141 657 2203 verba
677 2156 795 2220 autern,
815 2148 902 2227 quod
918 2166 1040 2213 uatum
1056 2154 1175 2229 dederat,
1190 2177 1224 2214 u·

179 2231 294 2318 pienda
316 2249 378 2289 esse
396 2246 452 2309 pro
470 2226 538 2285 aliis
556 2244 676 2289 uaturoe
694 2230 800 2307 donis,
815 2238 962 2299 maxime
983 2243 1107 2322 pennis,
1129 2243 1225 2303 datisa

179 2336 292 2385 natura
306 2314 452 2400 graculis,
466 2329 502 2375 ut
515 2313 601 2377 locus
617 2319 813 2401 explicandus
829 2323 891 2387 sits
910 2327 946 2389 Si
963 2348 1127 2393 contentus
1141 2332 1226 2392 luistu

179 2411 305 2495 pennis,
317 2427 393 2490 quas
405 2417 516 2467 natura
529 2406 616 2467 uobis
629 2408 726 2486 dedit,
741 2433 841 2495 neque
854 2428 888 2476 te
900 2421 1023 2498 pennis
1034 2442 1227 2503 pavonuuet·

180 2513 327 2561 ornatum
340 2494 551 2557 immiscuisses
563 2493 700 2559 formoso
710 2499 840 2561 istarum
851 2505 969 2567 avium
980 2511 1066 2590 gregi
1076 2535 1084 2570 :
1094 2531 1146 2571 uec
1154 2509 1225 2569 illan

179 2602 320 2669 expertus
331 2606 405 2645 esses
415 2584 654 2662 contumeliam,
666 2588 704 2648 de
715 2611 777 2670 qua
788 2595 913 2654 mentio
927 2595 1019 2659 facta
1032 2616 1083 2673 ut,
1096 2622 1133 2658 ra
1145 2602 1163 2657 8
1173 2620 1225 2677 sq„

179 2699 236 2739 nec
247 2675 328 2735 hauc
342 2673 496 2753 repulsam
509 2686 561 2734 tun
577 2679 703 2738 sentiret
714 2680 892 2759 calamitas,
906 2685 927 2744 i.
943 2709 974 2747 e.
989 2705 1024 2749 tu
1034 2689 1223 2758 calamitosus,

179 2767 298 2829 rediens
312 2763 351 2824 ad
368 2783 464 2843 genus
481 2778 639 2842 nostrum,
654 2790 673 2827 a
688 2770 778 2831 nobis
794 2792 860 2831 nou
879 2773 999 2838 fuisses
1016 2778 1147 2860 repulsus.
1159 2779 1224 2835 lion

180 2856 346 2919 obscurum
367 2865 424 2925 est,
446 2872 550 2913 vocem
570 2853 724 2918 calamitas
741 2879 824 2919 mere
842 2860 1050 2927 referendam
1062 2887 1120 2926 esse
1134 2865 1171 2925 ad
1187 2886 1225 2924 re

179 2945 315 3030 pulsam,
336 2941 465 3003 relatam
483 2963 501 3001 a
516 2945 663 3023 graculis,
686 2968 729 3008 vs.
753 2969 782 3007 ιι
802 2970 868 3010 non
885 2957 1065 3033 pavonibus
1083 2980 1123 3016 is
1143 2958 1160 3015 8
1175 2976 1224 3035 seq.

179 3029 446 3115 quemadmodum
468 3033 650 3112 comprobat
673 3037 843 3116 oppositio,
870 3060 947 3119 quae
974 3046 1053 3104 inest
1076 3047 1108 3104 in
1130 3042 1225 3103 sucidis

180 3121 256 3181 harro
268 3134 297 3179 et
311 3117 410 3191 illo1u5
423 3121 511 3179 istam
525 3140 598 3179 vero
612 3123 730 3200 graculi
742 3124 955 3189 calamitatem
972 3133 1007 3191 iu
1020 3155 1055 3193 eo
1067 3136 1224 3194 consistere.

180 3209 262 3291 quod
276 3230 293 3265 a
305 3227 415 3287 genere
430 3208 627 3287 graculorum
643 3213 781 3293 repulsus
793 3236 881 3275 nunc
893 3238 1079 3299 cogeretur,
1095 3226 1180 3281 sitam
1194 3221 1225 3275 ιι·

180 3318 250 3355 vere
264 3297 380 3353 tristem
400 3309 427 3352 et
445 3294 621 3355 solitariam.
637 3300 719 3359 Hinc
734 3316 813 3361 recte
827 3303 929 3364 Ocrtel
938 3330 948 3363 .·
970 3311 1049 3368 noclr
1068 3311 1181 3370 uuirdest
1194 3306 1223 3362 du

170 3378 245 3469 'jetzt
256 3385 307 3443 das
321 3388 349 3442 U
350 3382 456 3464 upliiclt
465 3385 644 3466 empfiadrn,
656 3410 711 3449 atis
721 3412 838 3452 unserer
845 3396 934 3453 Mitte
945 3413 1109 3459 verstossen
1117 3418 1222 3475 auerti,

179 3497 249 3559 qua}
258 3474 470 3553 interpretatio
481 3473 670 3554 praeferenda
684 3481 829 3554 versioni,
843 3503 941 3562 quam
956 3488 1054 3546 attuli
1069 3490 1137 3549 Not.
1149 3488 1180 3546 ad
1192 3508 1224 3545 rs.

182 3566 227 3627 ιὰ
239 3565 311 3623 lam
323 3583 395 3623 vero
408 3561 582 3623 notandum
595 3579 702 3626 contra
714 3568 931 3652 Anonymum,
945 3578 979 3633 τὸ
990 3575 1075 3637 sedes
1084 3600 1145 3638 non
1154 3576 1224 3657 plene

180 3651 359 3734 respondere
370 3660 406 3726 τῷ
422 3650 535 3711 habitus
550 3674 593 3713 vs.
612 3675 646 3729 a,
664 3654 759 3717 hocce
772 3659 857 3719 enim
874 3664 1074 3726 vocabulum
1088 3670 1135 3727 vix
1147 3678 1225 3749 potest

179 3738 336 3820 usurpari,
350 3752 383 3794 ut
395 3740 622 3800 Germanorum
635 3743 732 3819 Platz,
745 3745 847 3820 Stella,
863 3771 920 3830 pro
932 3767 1037 3828 statu,
1052 3757 1224 3821 conditione,

178 3842 209 3889 et
222 3823 365 3908 quicquid
383 3824 571 3904 possidemus
586 3827 734 3893 beneficio
749 3846 867 3894 naturae
882 3852 912 3896 et
924 3836 1087 3919 fortunae,
1104 3843 1179 3926 quod
1192 3863 1226 3900 cs·

180 3929 223 3978 set
235 3914 275 3974 ab
289 3933 344 3971 usu
361 3911 474 3991 liuguae
487 3913 589 3975 latinae
601 3919 747 3981 alienum.
761 3925 800 3982 At
811 3924 902 4005 plene
917 3931 1114 4010 respondent
1126 3932 1226 3992 adesa

178 3999 455 4157 §middincltlm
481 4021 597 4068 sumto.
621 4014 700 4072 Cum
726 4010 784 4073 hac
810 4029 886 4074 nota
908 4038 1067 4101 compara
1089 4019 1227 4103 Anonymi

208 4110 275 4158 otas
366 4137 374 4152 .
403 4137 412 4152 .
