2820 5018
376 439 469 506 tin
494 437 547 516 11,
571 439 666 501 rae.
691 438 755 500 vr.
1023 439 1086 527 ιι,

380 644 637 740 FABULA
666 642 751 737 Vl.

268 860 432 928 AQUlLA,
450 857 602 912 countx
619 856 668 908 ET
685 854 875 908 TESTUDO.

51 1035 175 1100 Contra
185 1051 337 1124 potentes
349 1057 448 1117 nemo
461 1050 511 1098 est
522 1033 669 1096 munitus
681 1032 771 1110 satis;

52 1138 87 1204 Si
98 1162 177 1205 vero
188 1141 324 1205 accessit
336 1136 525 1204 consiliator
536 1135 719 1212 maleficus,

55 1249 112 1312 Vis
125 1263 158 1312 et
171 1247 317 1337 nequitia
329 1242 493 1334 quidquid
506 1258 713 1331 oppugnant,
726 1243 801 1305 ruit
848 1327 850 1331 ¹

89 1445 127 1476 r...
143 1431 165 1477 3.
180 1432 238 1476 Tres
255 1430 345 1492 priores
359 1422 430 1491 hujus
445 1424 528 1473 fabule
541 1440 623 1472 renus
637 1427 661 1470 in
675 1423 761 1471 Codice
774 1426 862 1474 Perotti
875 1427 976 1477 derunt:
993 1438 1102 1483 munitur.

55 1502 147 1549 (ludius
161 1513 270 1558 testatur,
285 1503 309 1548 in
320 1498 378 1546 eod.
391 1497 451 1545 Pith.
465 1513 529 1555 este,
541 1507 603 1545 tutus
615 1506 655 1547 est.
669 1496 780 1543 Romulus
791 1499 881 1545 Divino.
895 1514 918 1547 et
928 1498 991 1551 Ulm.
1005 1511 1104 1555 munitus

54 1583 80 1617 et
95 1581 158 1617 turus
174 1570 241 1616 simul
255 1568 376 1625 exhibent,
392 1569 433 1633 qui
448 1575 509 1614 tutus
524 1576 546 1613 et
559 1569 658 1612 munitus
669 1576 715 1621 est,
729 1565 788 1615 maio
803 1569 942 1617 consiliatore
952 1580 1023 1620 everti
1033 1578 1106 1637 (mh-

54 1645 132 1702 verti)
143 1651 224 1704 potest.
237 1641 307 1688 Simili
320 1640 391 1687 modo
402 1639 465 1702 apud
476 1638 567 1685 liomnl.
582 1638 626 1685 llil.
638 1637 688 1685 lure
701 1638 780 1686 fabula
790 1642 897 1703 inscripta
911 1656 944 1689 est
957 1660 962 1688 z
975 1646 1105 1694 docetsub-

54 1729 153 1778 sequens
159 1712 258 1776 fabula,
272 1713 334 1778 quod
343 1711 439 1759 multum
451 1713 532 1757 nruniti
542 1720 604 1757 etex
616 1714 678 1757 omni
688 1720 753 1773 porte
768 1716 812 1758 tuti
822 1716 867 1758 viri
878 1712 943 1761 malo
956 1717 1107 1766 consiliatori-

57 1787 100 1833 bus
116 1785 216 1831 subverti
228 1795 329 1849 possunt.
343 1788 375 1831 Ex
387 1801 435 1848 quo
447 1784 473 1830 lit
486 1783 620 1838 verisimile,
636 1793 698 1829 tutus
713 1799 763 1830 csse
776 1801 791 1831 a
804 1783 943 1846 glossatore,
958 1792 999 1852 qui
1011 1794 1108 1853 arripuit

57 1876 72 1906 e
82 1876 115 1905 vs.
132 1858 172 1915 16,
184 1858 253 1921 hujus
264 1858 357 1905 fabula.
370 1858 440 1919 Quod
451 1857 601 1904 confirmatur
610 1857 688 1904 verbis
701 1856 792 1904 Romul,
805 1860 857 1904 uir.
869 1861 932 1921 apud
944 1877 1015 1925 quem
1026 1865 1050 1909 in
1062 1865 1107 1912 line

56 1932 142 1978 fabula·
155 1929 251 1993 legitur,
265 1941 288 1977 et
299 1948 368 1994 qnam
380 1939 463 1976 sutura
476 1933 599 1986 munierat,
613 1931 689 1994 iniquo
699 1928 790 1976 consilio
799 1932 872 1995 periit.
883 1933 977 1989 lectio,
990 1951 1055 1983 nemo
1068 1946 1108 1982 tu.

59 2010 97 2048 tus
112 2010 146 2047 est
160 2004 227 2056 rotis,
245 1999 349 2047 Bentleio
364 2016 431 2061 reque
444 1999 520 2056 bona,
534 2000 605 2045 llario
618 2015 674 2045 vero
690 1998 772 2044 melior
787 1998 891 2057 ridetur,
908 2002 949 2048 red
963 2006 1108 2052 Burmannus

59 2087 107 2118 nou
119 2085 196 2118 censet
207 2071 347 2118 movendam
359 2070 483 2117 lectionem
494 2068 623 2131 vulgatam,
635 2085 706 2132 quarn
717 2081 848 2131 sequnntur
858 2070 974 2118 Fditiones
988 2073 1107 2135 plurimae:

61 2155 76 2186 e
92 2142 259 2187 recentioribus
275 2156 371 2204 quoqne
389 2141 489 2189 Brotier.
506 2137 633 2185 Derbillon.
653 2140 776 2200 Bipontiui.
795 2141 854 2184 Nam
869 2142 889 2186 ti
908 2149 969 2187 tutus
982 2145 1110 2205 scripsisset

62 2210 185 2267 Phaedrus,
199 2213 249 2267 rix,
261 2223 327 2274 putat
337 2213 373 2256 vir
384 2210 480 2267 doctus,
492 2209 589 2256 librariis
598 2211 702 2273 potuisse
710 2210 735 2256 lu
744 2221 847 2257 mentem
858 2213 951 2267 venire,
964 2227 1046 2260 vocem
1060 2214 1110 2262 ele·

63 2368 358 2442 enghenigerlllenseh,
367 2366 493 2420 dernieht
501 2385 565 2437 gem
606 2382 667 2421 sunt
675 2368 740 2421 Plin.
749 2367 794 2421 lib.
805 2370 838 2419 ΙΙΙ
840 2407 849 2436 ,
856 2370 904 2441 Ep.
917 2386 958 2440 17,
966 2382 992 2420 et
1004 2369 1106 2441 Apulei.

64 2448 203 2516 schenkte,
226 2450 356 2523 ireyliess,
382 2449 446 2502 oder
470 2447 566 2502 andere
605 2448 758 2515 lib.l,Met.
767 2448 818 2501 vid.
829 2449 1000 2501 CellariiCur.
1011 2452 1072 2503 Post
1079 2470 1107 2523 p.

64 2531 238 2584 Wohlrhaten
253 2533 369 2602 emeigte.
381 2530 405 2583 S.
418 2551 439 2582 z.
455 2530 482 2580 Β.
494 2530 564 2581 Suet.
607 2529 654 2601 57,
670 2533 715 2603 qui
730 2530 764 2582 ad
781 2532 947 2583 Latinitatem
962 2533 1108 2586 restitutam

63 2610 121 2662 Tib.
134 2613 176 2681 47.
187 2612 312 2680 Weniger
322 2613 357 2661 im
367 2606 511 2661 Charalner
518 2608 564 2660 des
606 2611 701 2663 referre
711 2608 821 2662 videtur.
829 2609 889 2661 coll.
897 2610 1002 2662 Walch.
1013 2611 1046 2664 de
1056 2613 1110 2686 sty-

62 2693 197 2757 Tibcrius,
208 2691 329 2763 obgleich
340 2690 513 2760 seharfsinnig
523 2708 565 2761 ge·
604 2686 630 2740 lo
643 2688 742 2741 Phaedri
752 2710 780 2761 p.
794 2689 837 2760 67.
847 2719 884 2730 ·-
893 2688 1035 2761 maleficus.
1048 2692 1106 2744 Vid.

62 2794 131 2845 nug,
153 2773 251 2825 scheint
270 2791 319 2824 uns
338 2770 457 2842 Bentleys
475 2768 565 2821 Erldii-
605 2767 637 2819 ad
653 2766 698 2820 lib.
717 2770 752 2834 11,
769 2768 823 2819 fab.
839 2770 886 2832 ΙΙΙ,
903 2786 926 2820 a.

62 2874 146 2923 rung:
170 2850 309 2903 «nondum
325 2870 386 2901 eum
404 2850 439 2901 ob
459 2849 565 2902 stultam
640 2848 665 2898 3.
691 2848 737 2901 Vis
761 2858 787 2898 et
806 2848 931 2917 nequitia.
955 2844 986 2898 Ti
1006 2850 1043 2901 uis
1066 2870 1107 2903 re-

62 2952 89 2989 et
109 2938 237 3004 ingratam
259 2931 418 3002 diligentiam
438 2928 566 3001 colaphos
605 2927 645 2978 fer
659 2925 693 2978 ad
710 2940 831 2997 potentes
844 2944 909 2977 vers.
931 2943 959 2989 ¹3
975 2929 1105 2999 nequitia,

62 3016 205 3068 meruisse:
220 3013 324 3079 majoris
338 3029 384 3062 eos
397 3007 468 3080 apud
483 3027 510 3061 se
524 3029 566 3061 ve·
606 3008 622 3056 i.
634 3025 657 3056 e.
671 3006 779 3070 astutia,
792 3003 932 3068 calliditas,
944 3004 978 3054 ad
987 3004 1109 3057 consilia-

62 3099 134 3158 nire,
152 3111 205 3142 non
221 3092 269 3141 nisi
287 3089 321 3139 oh
337 3089 456 3159 praviora
471 3086 567 3140 delicta
582 3112 587 3122 ·
607 3097 647 3135 tor
658 3079 791 3154 maleficus
801 3101 837 3132 vs.
852 3101 874 3134 a.
889 3084 930 3134 Sic
940 3081 1051 3153 pulchre
1062 3103 1107 3138 co·

65 3172 170 3228 solitum
183 3170 288 3220 irasci.»
606 3164 702 3215 herent
715 3166 817 3227 omnia,
832 3177 858 3214 et
869 3164 964 3215 frustra
977 3165 1107 3220 Meursius

100 3252 211 3305 navt.
230 3246 341 3320 Aquila,
361 3246 456 3299 Cornix
470 3259 494 3297 et
511 3247 567 3298 Τις·
606 3241 737 3296 statuebat
757 3242 800 3293 hic
819 3260 900 3292 unum
917 3261 1019 3293 versum
1038 3248 1106 3298 exci-

65 3332 135 3386 tudo.
155 3360 191 3370 -
213 3347 234 3380 r.
259 3329 353 3379 Contra
372 3325 564 3395 perentetvid.
606 3321 682 3373 disse.
696 3319 754 3370 Vid.
768 3319 924 3373 Freinshem.
941 3334 966 3373 et
979 3321 1104 3378 Scheffer.

67 3412 100 3467 ad
112 3411 158 3462 lib.
171 3413 195 3475 Ι,
206 3409 259 3460 tab.
270 3406 358 3470 XXX,
372 3422 392 3455 ι.
406 3403 504 3455 Eodem
513 3425 567 3456 mo·
605 3432 640 3442 —
660 3398 669 3471 [
682 3411 844 3474 oppuqnant.
863 3398 921 3450 Vid.
944 3420 1105 3474 oppressum,

66 3491 172 3544 dodirit
180 3488 282 3540 Sallust.
291 3487 350 3553 lug.
359 3503 383 3534 c.
392 3482 442 3535 33:
455 3507 467 3529 ι
477 3483 505 3534 C.
515 3485 566 3534 Bre-
605 3480 630 3544 l,
643 3481 726 3544 1¹,33
745 3480 855 3550 objecto,
873 3481 898 3543 l,
910 3497 988 3547 xxrtr,
1005 3484 1037 3549 l,
1059 3487 1105 3537 olr-

65 3571 166 3623 bium...
179 3585 272 3636 magna
285 3562 404 3614 mercede
415 3576 503 3632 parat,
520 3581 566 3613 cu·
607 3563 672 3624 vius,
692 3563 717 3625 l,
732 3577 809 3625 1111,
823 3560 853 3626 ξς
869 3560 980 3632 offerre,
999 3566 1103 3638 l‘roloss.

63 3654 107 3721 ius
120 3644 279 3718 impudentia
295 3655 387 3694 contra
399 3644 443 3712 jus
457 3655 483 3693 et
497 3641 566 3711 inju·
605 3642 641 3708 Η,
654 3642 692 3694 ι5.
706 3637 748 3711 G.]
760 3670 795 3680 -
810 3641 870 3691 ruit.
886 3641 1024 3713 Scioppius
1039 3649 1105 3700 citra

65 3730 118 3780 rias
137 3727 219 3777 ornn‘u
237 3724 353 3775 munitus
375 3721 456 3785 foret,
468 3743 479 3765 a
500 3733 565 3771 teste
607 3721 784 3773 necessitatem
798 3738 834 3770 vs.
848 3720 864 3773 3
878 3721 914 3771 ita
928 3723 1103 3796 interpungit:

66 3812 229 3870 Burmanno,
239 3805 367 3876 quietiam
377 3801 564 3855 laudatSenec.
608 3827 620 3849 a
629 3804 675 3854 Vis
688 3816 714 3853 et
728 3803 858 3873 nerpaitia,
875 3802 1000 3874 quicquid
1018 3825 1104 3878 oppu-

65 3894 115 3960 Ep.
123 3889 194 3937 Vlll:
207 3910 218 3932 ι
228 3885 321 3937 domus
334 3887 366 3936 sit
377 3885 566 3936 munimentum
605 3897 702 3956 garam,
719 3885 783 3949 ruit,
795 3908 805 3929 ι
826 3899 855 3936 ut
871 3904 944 3936 ruere
958 3887 1040 3938 active
1057 3891 1104 3955 sit,

67 3968 190 4021 adversus
203 3965 295 4015 infesta
307 3965 420 4035 corpori.
433 3987 443 4008 υ
606 3963 729 4033 affligere.
737 3963 788 4015 Sed
797 3965 848 4016 mit
856 3964 882 4015 h.
893 3964 910 4016 Ι,
922 3968 1103 4030 est,concidit.

105 4067 129 4098 a.
138 4043 293 4097 consiliator.
303 4046 342 4095 De
349 4043 398 4095 hac
407 4062 480 4110 voce,
489 4061 567 4115 quam
607 4046 712 4116 Optime
723 4045 801 4114 igitur
808 4042 839 4093 el.
848 4043 956 4096 Sattler:
968 4046 1002 4098 So
1012 4050 1104 4110 stiirat,

66 4130 176 4181 Vossius
191 4124 342 4178 adnumerat
356 4126 463 4177 vocibus
476 4126 570 4177 barba-
608 4122 727 4176 bestiirrnt
741 4141 791 4175 von
810 4122 902 4175 Macdt
920 4125 975 4176 und
989 4125 1104 4189 Botheit,

66 4213 116 4273 ris,
130 4205 176 4258 sed
188 4224 254 4276 qua,
264 4220 356 4276 praeter
367 4203 517 4269 Phaedrum,
530 4206 570 4255 usi
609 4201 673 4255 aller
687 4203 741 4254 hin.

885 4288 929 4340 3ο.
