2820 5018
483 466 547 529 tu
570 464 662 527 tta.
688 464 726 527 n
752 464 845 526 rra.
870 466 909 526 v.
1155 469 1213 549 541

176 613 211 658 ut
227 601 260 658 in
276 599 448 680 Rigaltiana
465 599 597 660 editione
613 601 691 674 vidi,
708 599 780 660 huic
796 613 969 659 commento
985 616 1084 682 posset
1100 604 1218 664 subser-

176 688 273 746 vire.»
292 688 364 746 llaec
380 690 575 769 scripseram,
594 710 691 769 quum
708 708 807 768 nuper
824 689 857 745 in
873 687 1008 747 Censura
1026 688 1145 750 Phaedri
1163 694 1218 751 tto-

174 771 274 833 thiani
289 774 388 853 (Hall.
403 777 435 834 A.
449 777 482 832 L.
496 775 526 832 Z.
545 776 633 847 1805,
649 775 757 833 Partic.
773 774 845 846 258,
861 796 891 856 p.
906 771 982 851 644)
997 773 1059 834 baec
1073 776 1221 858 legerem,

175 882 193 918 a
205 863 337 923 Censore
350 864 469 923 erudito
483 862 659 923 observata:
677 861 803 921 «luder
817 861 909 921 Fabel
922 883 982 922 von
994 864 1064 923 dern
1076 869 1221 927 Atriensis

177 957 257 1017 nimt
272 950 327 1011 der
342 950 553 1032 Herausgeber
571 949 682 1010 Wuse's
698 949 863 1029 Conjcctur
878 949 946 1023 auf,
961 948 1079 1032 jactans
1094 955 1221 1035 officium

176 1056 285 1110 comes,
304 1037 356 1096 fiir
375 1059 471 1110 come,
493 1037 586 1096 deren
604 1034 744 1095 Fcinbeit
761 1040 918 1096 Burmann
937 1034 1022 1097 nicht
1041 1041 1221 1102 verstanden

178 1123 245 1200 hat,
263 1126 367 1186 indem
381 1148 415 1187 er
430 1147 459 1185 es
476 1124 639 1186 litclrerlich
656 1124 766 1198 findet,
782 1125 850 1184 dass
867 1128 917 1185 ein
933 1126 1041 1186 Sklave
1057 1150 1147 1188 conces
1164 1133 1222 1190 Cru-

176 1218 248 1274 saris
259 1231 397 1296 genannt
408 1216 517 1276 werde.
530 1216 592 1274 Der
603 1214 728 1274 Dichter
739 1214 803 1275 will
815 1216 926 1295 gerade
938 1215 1035 1275 durch
1049 1217 1143 1278 dieses
1155 1218 1224 1278 cha·

177 1302 399 1364 rakteristische
411 1306 553 1385 Beywort
564 1304 614 1363 dic
628 1324 723 1384 gance
737 1302 979 1364 Lacherlicblteit
992 1303 1043 1363 des
1057 1306 1223 1368 Menschen

177 1389 379 1466 bezeichnen,
396 1390 450 1450 der
464 1391 527 1451 sich
541 1392 609 1451 eine
621 1390 722 1451 solche
734 1392 769 1446 W
775 1389 932 1469 ichtiglreit
942 1413 979 1450 zu
993 1393 1089 1472 geben
1105 1394 1224 1470 sucltte,

180 1478 224 1537 als
240 1484 352 1538 ruiisste
368 1501 402 1538 er
417 1500 471 1539 um
485 1478 545 1537 den
557 1479 697 1537 Tiberius
709 1476 818 1536 herum
831 1498 919 1557 seyn,
932 1477 997 1535 und
1010 1479 1054 1537 als
1067 1479 1181 1558 gelrdre
1192 1502 1225 1541 er

179 1588 217 1625 zu
229 1570 344 1626 scincm
355 1567 481 1649 Gefolge
496 1569 629 1644 (coines).
639 1591 653 1621 ιι
673 1567 710 1623 At
722 1584 792 1623 vero
805 1580 927 1624 nonest
939 1565 1095 1641 qredibile,
1109 1571 1225 1629 Atrien·

180 1675 244 1714 sem
258 1654 408 1734 ejusmodi
423 1655 620 1737 opinionibus
633 1652 724 1713 fuisse
737 1653 889 1713 inflatum.
903 1655 1003 1711 imino
1022 1669 1092 1713 uero
1103 1671 1226 1716 contex-

180 1757 229 1802 tus
244 1746 389 1803 orationis
406 1743 511 1817 docet,
528 1745 573 1803 nil
590 1745 688 1823 magis
705 1744 730 1801 ei
748 1762 828 1801 eurae
845 1741 992 1821 cordique
1010 1740 1114 1815 fuisse,
1131 1767 1225 1824 quam

182 1846 215 1890 ut
229 1834 360 1912 gratiam
376 1835 466 1892 iniret
476 1856 493 1891 a
507 1834 639 1906 Caesare,
654 1846 682 1891 ct
694 1831 835 1890 libertate
846 1830 1029 1902 donaretur3
1046 1830 1075 1889 id
1089 1834 1170 1912 quod
1183 1835 1225 1893 cf·
1246 1873 1250 1881 ·

179 1917 232 1979 fici
249 1941 334 2001 posse
346 1921 487 2002 putabat,
500 1919 646 1980 obeundo
659 1940 774 1979 munus
786 1918 962 1999 spargendi,
975 1918 1059 1999 quod
1073 1919 1112 1977 ad
1125 1923 1226 2001 ipsum

181 2028 247 2067 non
265 2011 428 2090 pertineret
444 2012 541 2087 (come
556 2008 718 2091 officium),
737 2009 768 2065 in
789 2027 853 2086 quo
870 2004 999 2065 mirifice
1014 2007 1071 2066 sibi
1088 2007 1227 2088 placebat

181 2093 324 2178 (jactans,
339 2091 556 2176 veljcctitaus).
570 2094 803 2175 Cuninghamus
815 2096 885 2153 satis
900 2093 1042 2153 audacter
1053 2094 1111 2174 legi
1123 2094 1227 2174 jubet:

174 2181 295 2265 jactans
306 2182 435 2266 officium
446 2204 541 2242 suum.
558 2184 629 2242 Post
644 2182 813 2264 Rigaltium
832 2202 940 2241 omnes
957 2179 1020 2241 fere
1036 2182 1140 2241 Critici
1155 2183 1227 2242 sub-

182 2274 345 2332 stituerunt
356 2293 436 2333 come
447 2267 730 2355 ffciumjactitans.

221 2361 272 2419 Vs.
289 2358 337 2434 14,
351 2382 403 2434 ar,
417 2361 464 2418 23.
478 2359 523 2419 Ad
538 2378 624 2420 voces
636 2383 643 2417 ε
657 2357 808 2431 dominus,
822 2357 891 2417 dux.
906 2355 1156 2433 lilarcbesellum,
1170 2359 1230 2418 lta·

181 2446 261 2520 lum,
278 2447 358 2507 male
372 2445 494 2519 lrabuit,
509 2446 594 2527 quod
608 2444 755 2505 Phaedrus
765 2444 924 2504 Tiberium
938 2443 996 2504 hac
1008 2444 1114 2505 fabula
1126 2447 1230 2528 appel-

181 2535 290 2595 laverit
301 2539 425 2609 Duccm‚
439 2535 521 2616 quod
534 2534 677 2595 eumdem
689 2536 850 2594 Dominum
864 2535 1024 2593 vocaverit.
1038 2535 1139 2594 Hocce
1152 2548 1228 2594 tem-

181 2645 257 2705 pore
269 2626 353 2684 enim
369 2638 462 2704 negat
475 2626 508 2683 in
526 2645 612 2684 more
626 2622 758 2705 positum
773 2620 879 2695 fuisse,
896 2635 933 2682 ut
945 2625 1159 2683 Romanomm
1173 2626 1231 2684 lm-

181 2728 336 2796 pcratores
348 2714 437 2774 titulo
449 2717 585 2788 Domini,
599 2735 651 2772 seu
663 2715 752 2772 Ducis
763 2726 959 2772 ornarentur.
973 2713 1107 2788 Quibus,
1120 2727 1230 2794 praeter

182 2802 257 2877 alia,
271 2801 426 2862 inducitur
440 2803 479 2862 ad
494 2802 697 2875 credendum,
710 2799 789 2861 hanc
801 2799 942 2861 fabulam
957 2823 974 2858 a
988 2802 1134 2881 scriptore
1145 2804 1230 2861 istius

183 2893 240 2950 tevi
254 2912 317 2951 non
331 2911 392 2950 esse
406 2895 585 2972 scriptam),
600 2891 802 2969 earndemque
815 2909 876 2948 esse
891 2889 990 2947 fetum
1006 2892 1160 2970 scriptoris
1176 2890 1231 2949 ali·

183 2976 269 3057 cujus
285 2980 475 3052 recentioris,
494 2979 628 3052 Perotti,
646 2975 869 3055 Archiepiscopi
889 2975 1053 3055 Sipontini.
1071 2976 1127 3034 Sed
1144 2977 1232 3036 Tibe-

183 3067 246 3126 rius
263 3086 281 3123 a
298 3064 427 3124 Phaedro
444 3067 544 3123 vocari
560 3063 661 3145 potuit
675 3062 822 3134 dominus,
840 3082 907 3120 non
924 3061 997 3141 quia
1013 3075 1087 3120 essct
1103 3063 1232 3144 impera-

184 3169 247 3229 tor,
261 3153 312 3213 sed
327 3168 463 3234 respectu
477 3155 569 3226 servi,
585 3153 744 3223 Atriensis,
760 3157 845 3229 cujus
859 3164 923 3209 erat
938 3149 1092 3209 dominus.
1107 3152 1154 3210 sic
1169 3173 1232 3211 me-

185 3254 287 3301 morat
301 3242 359 3299 Dio
373 3239 445 3317 (lib.
460 3241 542 3313 LVl,
556 3261 585 3321 p.
598 3240 689 3318 607),
702 3238 818 3297 dictum
835 3259 852 3295 a
869 3237 1005 3312 Tiberio,
1024 3240 1182 3297 Dominum
1201 3260 1232 3301 se

184 3349 358 3401 servorum,
373 3330 592 3409 imperatorem
609 3325 758 3398 militum,
777 3324 951 3406 Principem
967 3337 1137 3383 ceterorum
1158 3347 1232 3387 esse.

185 3420 231 3477 lta
246 3420 313 3476 Ter.
331 3417 410 3475 Eun.
428 3417 486 3490 ΙΙΙ,
505 3436 544 3491 ιι,
562 3416 599 3475 33
612 3438 618 3472 :
636 3438 650 3468 ιι
661 3427 789 3496 apparet
802 3432 925 3472 servum
942 3409 1025 3470 bunc
1039 3410 1159 3471 domini
1171 3435 1232 3474 esse

188 3509 328 3589 pauperis
343 3507 539 3586 miserique„
555 3504 673 3564 Deinde
689 3516 806 3563 certum
821 3516 879 3575 est,
893 3500 953 3561 hoc
968 3522 1080 3561 nomen
1095 3515 1233 3584 tempore

186 3596 307 3656 Plraedri
323 3594 562 3676 imperatoribus
578 3594 723 3653 Romanis
740 3592 898 3651 interdum
915 3610 977 3649 esse
993 3590 1161 3667 tributum,
1178 3595 1232 3652 etsi

187 3687 259 3745 boni
276 3687 428 3767 principes
443 3685 483 3743 ab
500 3682 557 3744 lrac
574 3683 779 3765 appellatione
796 3683 993 3742 abstinerent.
1008 3683 1054 3739 lta
1070 3684 1233 3743 Suetonius

188 3795 254 3854 cap.
273 3774 324 3848 53,
338 3775 376 3834 dc
388 3778 543 3855 Augusto:
560 3799 573 3828 ιι
584 3777 704 3833 Domini
720 3772 973 3855 appellationem,
988 3784 1022 3830 ut
1036 3772 1233 3832 maledictum

188 3875 217 3920 et
234 3863 449 3942 opprobrium,
464 3884 584 3944 semper
598 3861 766 3921 exhorruit.
780 3864 900 3938 Quum,
915 3873 1067 3942 spectante
1080 3880 1116 3918 eo
1132 3860 1232 3937 ludos,

188 3952 423 4032 pronuntiatum
445 3968 519 4012 esset
541 3955 573 4011 in
594 3955 692 4011 mimo
713 3976 719 4009 :
737 3951 918 4011 odotuinum
934 3971 1048 4031 oequuttt
1065 3961 1090 4007 et
1108 3947 1233 4009 bouum!

189 4053 219 4097 et
240 4040 392 4111 universi,
419 4043 503 4119 quasi
528 4040 566 4098 de
589 4043 654 4122 ipso
678 4039 816 4113 dietum,
837 4038 1019 4098 exsultantes
1040 4037 1235 4116 comprobas-

189 4140 276 4186 sent:
294 4141 324 4185 ct
338 4129 439 4184 statim
458 4149 552 4186 manu
570 4128 718 4207 vultuque
734 4126 891 4186 indecoras
908 4125 1099 4184 adulationes
1119 4144 1233 4206 repres-

189 4217 245 4292 sit,
264 4230 293 4277 et
312 4219 484 4298 insequenti
504 4216 553 4277 die
572 4219 751 4295 gravissimo
771 4217 921 4297 corripuit
939 4214 1053 4288 edicto,
1072 4211 1234 4274 dominum·
