2820 5018
186 486 439 570 ANTIQUl'l'.
461 487 642 551 SCRIPT.
667 484 988 551 mslttt'rffloJ
1035 488 1092 554 261

50 647 111 708 que
121 637 149 685 et
156 615 400 708 AEsopios'Loqos,
412 627 597 686 intentatum
609 627 753 685 llomanis
765 625 898 705 ingeniis
913 648 1004 709 opus,
1016 626 1099 688 solita

53 715 107 776 tibi
122 727 270 776 venustate
286 729 448 776 connectas.
467 717 544 792 Qute
561 736 631 775 vero
647 737 738 797 supra
758 715 881 775 laudavi
901 715 1049 775 Martialis
1070 734 1099 776 et

52 807 164 867 Aviani
176 806 364 878 testimonia,
375 825 443 886 quae
456 818 598 886 pugnant
609 826 663 886 pro
675 804 817 879 Plitedro,
830 826 865 864 ea
877 805 1001 886 quidem
1014 805 1100 866 fabu-

52 894 156 955 larum
168 894 308 975 scriptori
323 912 448 974 prorsus
461 892 557 973 eripit.
575 892 654 950 Nam
669 892 759 951 verba
775 891 939 964 Martialis,
957 913 999 950 an
1009 913 1099 953 ‹emu-

54 982 135 1043 lantr
153 980 278 1063 imptubi
289 977 373 1062 jocos
391 978 507 1041 Pltoedri
516 987 533 1038 ι’
553 980 680 1041 retrahit
698 981 737 1040 ad
761 979 943 1055 Phaedrum,
965 979 1100 1062 pbiloso-

51 1071 155 1154 phum
163 1073 349 1153 Epicureum
360 1070 512 1145 nobilem,
524 1070 667 1131 eumdem
678 1071 782 1143 illum,
794 1071 832 1131 de
843 1092 906 1150 quo
919 1091 1012 1151 supra
1023 1071 1101 1145 dixi,

51 1181 149 1242 quem
163 1160 278 1221 Atticus
290 1160 416 1217 miratus
432 1159 484 1233 sit,
499 1158 752 1240 vehementerque
766 1160 928 1234 amaverit,
945 1181 1036 1241 quem
1052 1161 1101 1218 Ci-

50 1268 139 1321 cero,
150 1268 251 1327 quum
260 1245 324 1327 ejus
340 1248 521 1307 sententiam
537 1269 598 1308 non
611 1250 769 1330 probaret,
784 1247 936 1313 audiverit
949 1262 1053 1309 tamen
1067 1262 1100 1308 ut

50 1334 287 1419 philosophum,
304 1335 460 1395 sedulitate
474 1351 682 1417 praestantem,
695 1338 861 1418 magnique
873 1336 986 1397 feeerit.
999 1339 1102 1418 Fingit

49 1441 175 1500 autem,
197 1446 261 1487 non
284 1425 409 1507 probat,
435 1426 584 1501 Canium,
605 1428 659 1507 qui
681 1428 751 1486 item
775 1426 941 1507 Epicureus
962 1427 1100 1486 videatur

51 1514 162 1589 fixisse,
183 1512 300 1574 huncce
321 1513 483 1573 Phaedrum
505 1515 623 1597 scriptis
644 1515 838 1588 emulatum,
862 1514 978 1574 dictum
999 1536 1060 1574 esse
1083 1537 1100 1573 a

50 1602 196 1663 Martiale
213 1600 390 1682 impmbum,
408 1603 491 1685 quod
509 1603 590 1671 idem
606 1604 658 1676 sit,
672 1603 756 1684 quod
773 1603 913 1685 improbe
928 1603 1049 1663 sedulus
1067 1626 1101 1663 ac

50 1691 208 1752 laboriosa
222 1693 256 1753 in
271 1692 432 1774 probando
447 1693 616 1772 diligentia.
633 1693 714 1751 Eum
730 1692 868 1753 videlicet
880 1694 973 1776 jocis,
990 1707 1025 1751 ut
1040 1696 1100 1773 opi·

50 1794 148 1839 natur
163 1779 324 1856 Christius,
343 1781 518 1841 liberalibus
540 1803 630 1841 usum
651 1802 712 1841 esse
730 1782 763 1839 in
784 1781 979 1841 confutandis
1001 1784 1102 1842 stoicis

49 1866 185 1948 aliisque
197 1866 396 1948 Philosophia,
412 1870 466 1949 qui
482 1869 652 1950 Epicurum
666 1867 939 1948 reprehendebant.
956 1873 1102 1930 Praeterea

50 1971 170 2029 censet,
188 1953 311 2015 fabulas
330 1976 407 2036 opus
426 1978 488 2016 esse
506 1958 633 2031 serium,
654 1977 722 2036 quae
740 1955 799 2016 hoc
814 1972 924 2038 agunt,
944 1973 979 2018 ut
995 1980 1101 2018 verum

51 2042 181 2105 tradant
191 2043 249 2103 suh
260 2045 359 2124 specie
370 2064 452 2103 nova
463 2062 493 2101 et
504 2045 657 2122 jucunda,
670 2067 739 2122 quas
753 2045 943 2124 pharmacon
957 2050 1045 2127 quasi
1058 2070 1103 2107 sa·

52 2133 129 2203 lutis
151 2130 253 2194 ferant
273 2133 396 2207 auimo,
419 2151 494 2191 non>
507 2132 601 2189 risum
623 2145 781 2203 moveant3
805 2153 898 2212 quam
919 2137 1053 2215 primam
1074 2152 1103 2197 et

52 2222 246 2305 praecipuam
263 2221 378 2291 fabular
397 2221 502 2281 dotem
518 2240 595 2293 esse,
617 2218 750 2280 affirmet
766 2223 944 2302 quicunque
963 2224 1029 2299 ille,
1048 2228 1102 2307 qui

52 2330 173 2377 nomen
185 2309 308 2371 Phaedri
321 2323 461 2391 usurpet:
474 2330 512 2379 en
521 2328 583 2387 quo
594 2307 727 2388 colligit,
740 2330 795 2390 per
795 2304 879 2389 jocos
891 2311 1013 2392 improbi
1022 2312 1103 2373 Plae-

51 2398 100 2459 dri
110 2399 193 2460 male
206 2399 338 2481 intelligi
346 2397 482 2472 fabulas,
491 2418 548 2462 nec
559 2397 748 2473 Martialem,
760 2420 857 2478 quum
869 2397 935 2462 baec
944 2402 1102 2479 scriberet,

52 2488 90 2549 in
97 2502 203 2551 mente
210 2487 354 2549 habuisse
363 2484 486 2547 Phaedri
495 2484 677 2545 fabulatoris
689 2487 888 2568 opusculum,
898 2510 999 2571 neque
1010 2492 1101 2553 etiam

52 2574 140 2647 bunc
155 2590 278 2659 poetam
292 2576 458 2637 Phaedrum
471 2575 571 2641 dicere
583 2577 717 2658 potuisse
729 2576 905 2658 improbum,
920 2580 993 2660 quia
1008 2603 1103 2642 arces·

54 2665 113 2723 sita
132 2680 164 2733 et
182 2685 298 2745 magno
320 2665 426 2725 labore
447 2663 585 2751 paranda
604 2665 809 2746 composuisse
829 2664 943 2726 fabulis
964 2681 1101 2749 putaret,

52 2772 155 2834 quum
167 2752 314 2817 Phaedrus
328 2776 374 2814 res
386 2768 489 2815 narret
499 2755 600 2827 tritas,
615 2753 762 2835 plebeias,
778 2756 967 2837 minimeque
983 2761 1103 2819 arcessi-

53 2854 113 2900 tas.
129 2841 177 2901 sic
191 2842 332 2902 laborem
346 2841 508 2923 improbum
524 2842 692 2922 Virgilium
707 2863 831 2901 vocasse
847 2844 885 2903 G.
902 2845 930 2916 l,
950 2843 1013 2918 145.
1031 2848 1102 2905 Non

55 2929 155 3011 igitur
170 2951 232 2993 esse
250 2932 426 3014 probabile,
445 2929 537 3010 hujus
557 2929 679 2990 Phaedri
694 2931 765 3013 joca
780 2929 992 3011 frigidiuscula
1010 2936 1103 2993 mira·

56 3033 127 3087 tum
142 3040 205 3081 ease
219 3021 407 3097 Martialem,
424 3019 517 3103 longe
531 3018 586 3080 illo
602 3019 773 3080 doctiorem
785 3021 1027 3101 scriptoremque
1041 3042 1103 3080 me-

56 3108 186 3182 liorem3
209 3123 277 3169 tum
301 3131 372 3170 vero
394 3110 488 3170 etiam
510 3109 660 3168 imitanda
684 3110 742 3168 sibi
763 3109 960 3189 proposuisse
981 3122 1104 3188 poetam

56 3196 214 3278 optimum
232 3198 365 3256 fanium
383 3196 510 3257 Rufum.
528 3196 612 3275 Quid
628 3197 712 3254 enim
729 3195 881 3253 inveniret
897 3195 929 3252 in
948 3215 1039 3276 opere
1056 3210 1105 3255 ut·

57 3304 181 3364 cunque
198 3285 309 3343 Latino
328 3284 441 3358 liberti,
460 3305 560 3365 neque
576 3284 650 3343 clari
664 3298 694 3342 et
711 3282 925 3357 semibarbari,
942 3283 1023 3365 stylo
1040 3305 1106 3344 non

56 3374 163 3433 minus
175 3373 289 3448 multo,
301 3394 395 3455 quam
409 3374 529 3454 origine
538 3373 598 3452 (1)?

96 3460 243 3541 Largior,
267 3461 343 3521 alios
368 3474 439 3521 ante
464 3460 614 3520 Martialis
637 3474 777 3542 tempora
798 3460 958 3541 scriptores
983 3460 1104 3521 Phaedri

57 3550 252 3610 mentionem
267 3549 366 3611 facere
379 3550 510 3610 omnino
527 3549 656 3610 nullam.
673 3551 769 3630 Finge
784 3549 890 3624 etiam,
909 3570 1008 3630 neque
1024 3552 1105 3610 Mar-

56 3638 179 3712 tialem,
195 3659 294 3721 neque
311 3639 464 3699 ananum
480 3651 605 3721 poetam
619 3660 791 3699 memorare
805 3653 962 3698 nostrum:
981 3661 1021 3699 an
1033 3661 1107 3721 pro·

56 3738 163 3806 pterea
182 3726 348 3808 antiquitas
370 3724 545 3785 fabularum
567 3726 601 3786 in
621 3724 928 3801 dubiumvocanda,
949 3739 978 3783 et
1001 3739 1107 3786 auctor

55 3834 169 3873 earum
186 3814 386 3896 scriptoribus
405 3814 606 3896 supposititiis
623 3812 826 3874 accensendus
842 3813 905 3872 est?
919 3813 1047 3874 Constat
1060 3815 1106 3873 in·

55 3916 105 3960 ter
118 3922 228 3961 omnes
244 3904 285 3961 rei
304 3903 459 3962 litterariae
476 3924 603 3984 gnaros,
620 3902 723 3985 plures
739 3902 815 3961 alios
830 3901 1020 3981 antiquitatis
1035 3904 1106 3961 scri-

56 4002 163 4073 ptores
184 3990 265 4050 idem
287 3991 373 4074 quod
396 3991 665 4119 Phaedrus0fatum
678 3994 718 4071 (a)
742 4012 803 4052 csse
827 4004 982 4073 expertos,
1006 3988 1105 4049 nihilo

93 4180 134 4250 (t)
143 4182 184 4233 cf.
193 4180 297 4233 Christii
309 4181 377 4234 Prol.
391 4186 434 4235 cit.
447 4204 473 4256 p.
485 4186 529 4237 ὓ...
541 4187 565 4238 8.

93 4263 133 4331 (a)
147 4263 254 4314 Funccii
268 4263 397 4333 Apologia
409 4283 457 4335 pro
469 4264 590 4330 Phaedro,
605 4284 630 4334 p.
648 4259 703 4313 155.
