2820 5018
189 467 253 559 27⁶
560 459 867 526 arenauno

185 632 247 673 esse
264 618 364 686 negat.
384 601 427 660 Ex
445 597 493 658 bis
509 598 631 658 Romuli
647 602 707 657 sive
724 599 872 673 versibus,
892 601 953 661 sive
971 602 1160 686 paraphrasi
1176 624 1233 665 ret·

185 720 275 764 suum
293 696 437 754 distracta
457 702 552 771 poctae
570 690 706 748 membra
727 691 799 749 scite
817 690 982 772 sublegisse
1006 694 1187 769 Perottnm,
1206 708 1234 755 et

183 789 267 850 hunc
285 782 442 853 Virbium,
462 791 496 839 ut
517 779 572 852 ait,
591 800 682 858 quem
702 780 798 838 nostri
818 777 959 839 ltomines
980 781 1135 857 colerent,
1154 782 1231 842 Phe

182 878 275 937 drum
289 891 351 931 esse
361 867 483 949 jussisse
496 865 660 925 contendit.
678 867 714 923 :lt
725 885 797 923 vero
813 887 907 946 quarn
920 865 987 926 base
999 869 1065 927 sint
1079 870 1229 928 incertae

182 961 360 1031 arbitraria,
372 970 401 1014 et
413 975 507 1035 quam
519 953 644 1012 lubricae
657 952 742 1026 fidei,
756 952 878 1012 videant
891 957 1053 1017 acutiores.

220 1056 291 1113 Jam
303 1068 376 1110 vero
389 1045 448 1105 alia
461 1058 546 1119 sunt,
559 1064 628 1124 quae
638 1044 775 1116 obstant,
791 1045 959 1123 quominus
976 1045 1102 1108 fabulas
1115 1045 1227 1107 Pbaedti

181 1147 302 1205 Perotto
320 1137 454 1197 tribuere
467 1134 564 1193 liceat.
581 1135 686 1209 Quum
700 1130 846 1192 Phaedrus
860 1133 1027 1214 saepissime
1045 1136 1226 1196 abstractum

179 1247 277 1317 ponat
292 1229 361 1289 loco
377 1224 525 1297 concreti,
545 1236 623 1282 reete
643 1221 714 1280 inde
732 1221 850 1301 colligit
868 1222 1093 1299 Desbillonius,
1116 1223 1226 1286 nbula

178 1319 300 1383 Phaedri
319 1335 381 1375 non
400 1333 463 1373 esse
481 1309 577 1370 letum
596 1310 725 1392 alicujus
744 1311 819 1369 boni
839 1309 1032 1387 litteratoris,
1053 1316 1108 1393 qui
1128 1313 1224 1395 paullo

176 1424 247 1496 post
256 1419 377 1468 renatas
386 1405 419 1462 in
430 1401 518 1461 ltalia
530 1400 643 1460 litteras
654 1400 767 1459 vixerit.
779 1402 887 1459 Censet
897 1403 995 1475 enim,
1007 1423 1073 1462 non
1083 1404 1222 1463 esserati-

177 1496 292 1568 simile,
313 1488 461 1573 ejusmodi
484 1487 655 1547 locutiones
677 1489 810 1570 potuisse
830 1488 869 1546 ab
892 1488 945 1548 illo
966 1502 1034 1548 tam
1059 1489 1222 1572 frequmter

175 1583 330 1666 usurpari.
353 1580 481 1651 atcerte,
495 1577 611 1658 inquit,
631 1591 666 1636 ut
685 1591 802 1636 norunt
820 1597 929 1637 omncs
951 1576 1090 1638 bistoriae
1109 1579 1220 1638 seientia

175 1671 288 1734 imbuti
306 1665 474 1738 litterariae,
494 1662 568 1722 boni
587 1665 704 1745 quique
723 1678 896 1745 temporum
919 1663 1049 1724 illorum
1071 1667 1220 1748 scriptores

175 1762 232 1823 sibi
250 1760 327 1819 solos
343 1756 474 1837 optimos
492 1767 628 1811 veterum
645 1752 810 1811 imitandos
825 1752 996 1831 eligebant,
1009 1768 1041 1813 et
1052 1756 1218 1815 Ciceronem

172 1849 328 1936 praecipue
345 1861 498 1903 assumere
516 1839 669 1912 solebant,
683 1862 775 1919 quem
791 1840 898 1900 timide
915 1862 950 1900 ac
966 1841 1111 1924 religiose
1128 1863 1216 1925 sesque·

173 1953 294 2006 rentur,
307 1932 390 1993 unde
403 1928 595 1989 Ciceroniani
608 1926 680 1986 dicti
694 1941 775 1986 sunt.
793 1929 885 2009 Atqui
899 1927 1006 1990 Cicero
1018 1931 1136 2015 aliique
1148 1933 1215 1992 lati·

171 2027 275 2088 nitatis
286 2022 437 2106 principes
448 2039 517 2078 raro
528 2016 698 2076 admodum
710 2015 859 2097 loquendi
869 2016 1036 2094 formulas,
1045 2043 1124 2101 quas
1133 2019 1214 2081 modo

172 2116 390 2184 indicavimus,
406 2107 634 2168 adhibuerunt:
657 2107 798 2188 quisquis
808 2121 911 2168 autem
924 2105 1042 2169 horum
1058 2111 1212 2172 imitatores

172 2206 279 2279 ltalos,
293 2201 459 2285 praesertim
472 2197 570 2257 Nicol.
584 2200 756 2271 Perottnm,
770 2199 822 2278 qui
836 2199 968 2257 maxime
982 2203 1130 2261 omnium
1144 2200 1212 2261 irau-

172 2298 235 2371 dis,
247 2315 308 2376 qua
325 2291 363 2350 de
375 2290 490 2370 agitur,
505 2288 699 2347 insimulatus
716 2300 773 2359 est,
790 2287 951 2361 evolverit,
966 2309 1018 2348 eos
1031 2290 1098 2351 fere
1109 2308 1211 2374 sempe

162 2385 212 2447 ab
222 2385 284 2442 istis
294 2376 500 2439 locutionibus
510 2376 689 2435 abstinuisse
700 2375 856 2436 fatebitur.
867 2401 881 2430 n
893 2375 940 2435 Cl.
952 2377 1209 2441 Desbilloniumir

174 2469 311 2535 addend.
331 2467 368 2527 ad
387 2466 481 2524 Notas
498 2486 527 2546 p.
543 2466 609 2524 XLl
623 2487 689 2547 sqq.
702 2479 731 2524 et
747 2466 841 2527 Notas
852 2479 973 2526 nostras
988 2467 1030 2528 ad
1042 2468 1099 2528 lib.
1119 2470 1147 2544 l,
1160 2466 1208 2528 tat

173 2563 233 2634 111,
251 2559 293 2616 16.
309 2553 426 2615 Deinde
438 2573 509 2612 vero
523 2573 588 2611 non
607 2567 649 2611 est
667 2552 777 2626 simile,
796 2556 890 2614 immo
904 2575 977 2614 vero
994 2576 1122 2617 omnem
1135 2554 1207 2615 fida

172 2651 281 2722 vincit,
302 2649 460 2705 Perottum
482 2642 557 2702 adeo
581 2643 775 2703 artificiosam
796 2644 887 2704 telam
911 2647 1121 2721 contexuisse,
1145 2643 1209 2706 uutlt

173 2750 297 2825 possent
307 2733 408 2793 evolvi
425 2746 454 2791 et
467 2733 522 2790 avt
538 2732 651 2790 Tiberii
665 2747 805 2808 eventus,
820 2746 849 2793 et
861 2731 984 2792 Phaedri
998 2756 1073 2794 cum
1091 2735 1128 2796 iis
1138 2752 1206 2795 aaa·

173 2845 238 2892 rate
255 2823 434 2903 conspirans
449 2820 591 2895 fortuna,
608 2842 704 2902 eaque
722 2834 897 2904 temporum
912 2822 1028 2884 indicia
1044 2825 1204 2895 certissim,

172 2941 242 3005 qnae
251 2916 297 2977 vel
311 2915 443 2973 maxime
453 2910 581 2972 callidus
592 2910 687 2971 bomo
700 2914 822 2972 mentiri
834 2933 898 2971 non
910 2915 1206 2996 potuisset(t).lirm

173 3010 227 3093 plo
243 3025 304 3066 esse
321 3012 421 3083 potest
439 2998 500 3059 fab.
519 3001 559 3073 V,
577 2999 692 3072 lib.·ll,
711 3001 751 3058 ita
770 2999 905 3082 profecto
927 3002 1058 3083 scripta,
1075 3016 1111 3062 ut
1130 3000 1203 3083 equit
1251 3020 1256 3031 ¹

162 3117 276 3159 ¹rerum
287 3091 398 3151 talium
410 3087 646 3147 aestimatoribus
659 3088 814 3169 egregium
826 3089 946 3169 antiqui
957 3090 1129 3170 scriptoris,
1143 3091 1203 3150 dm

174 3200 313 3263 tempora
327 3175 438 3236 Tiberii
456 3174 544 3248 clari,
561 3196 637 3256 opus
652 3189 731 3234 recte
744 3175 839 3235 videri
856 3177 959 3256 possit.
977 3176 1045 3235 Sive
1060 3165 1142 3238 enlm
1155 3194 1204 3257 spt-

174 3288 234 3333 ctes
250 3266 410 3351 pulchram
423 3265 621 3324 ardalionum
634 3264 884 3347 descriptionem,
897 3266 958 3324 sive
974 3267 1144 3328 atriensem
1154 3263 1204 3325 alti·

175 3360 325 3429 cinctum,
337 3357 398 3414 sive
409 3374 458 3426 ea,
469 3372 538 3434 quae
550 3354 654 3412 scribit
666 3352 812 3413 Phaedrus
821 3355 859 3414 de
867 3353 946 3413 rilloe
956 3354 1137 3417 Misenensis
1144 3355 1204 3425 situ,

174 3449 237 3509 sive
247 3458 347 3503 totum
360 3454 492 3502 narrata
504 3441 547 3499 rei
561 3441 715 3511 ordinem3
729 3443 771 3501 ita
784 3444 899 3524 spirant
912 3444 1022 3502 omnia
1035 3442 1205 3504 reconditam

174 3535 302 3596 illorum
319 3543 491 3606 temporum
509 3529 612 3609 reique
628 3530 808 3610 antiquariae
823 3530 999 3604 scientiam,
1014 3531 1158 3612 signaque
1170 3528 1205 3589 le·

175 3635 249 3685 runt
268 3617 457 3695 antiquitatis
478 3615 554 3674 adeo
573 3617 715 3692 indubia,
734 3631 769 3677 ut
786 3616 971 3676 deridendus
990 3618 1043 3692 sit,
1063 3620 1114 3701 qui
1129 3620 1205 3677 istaut

176 3707 386 3772 narrationem
402 3701 536 3781 lepidam
549 3723 625 3784 opus
642 3707 817 3765 recentioris
830 3706 899 3777 aevi,
914 3704 1008 3784 idque
1022 3726 1100 3788 opus
1111 3704 1204 3766 Pemtti
1253 3746 1257 3755 ·

177 3810 286 3883 putare
297 3789 417 3849 audeat.
427 3789 488 3863 Qui
501 3808 596 3868 porro
609 3791 680 3871 legit
692 3792 745 3851 lib.
758 3791 815 3866 lll,
829 3790 890 3851 fab.
904 3792 945 3865 X,
957 3806 987 3851 et
999 3793 1106 3853 mirari
1118 3791 1204 3853 didicit
1254 3802 1257 3843 Ι

176 3904 248 3946 cum
264 3878 447 3958 elegantiam
466 3878 649 3938 narrationis
667 3901 787 3939 summa
803 3878 1002 3962 conjunctam
1020 3880 1204 3963 simplicitate.
1255 3874 1257 3913 ³

174 3988 243 4036 tum
255 3965 452 4052 periodorum
466 3965 721 4046 concinnitatem,
736 3971 867 4031 maxime
879 3970 1027 4030 sermonis
1039 3972 1139 4033 Latini
1149 3989 1205 4055 pto·

211 4161 320 4296 (1)V3l;l·
338 4135 480 4216 Schiracltii
493 4163 525 4215 V.
535 4163 567 4218 D.
582 4167 630 4238 Ep.
644 4166 713 4221 adb.
724 4169 825 4223 Ernesti
834 4169 877 4220 cit.
891 4166 1105 4223 collllltillerol
1116 4188 1137 4223 c.
1146 4163 1206 4230 tw.
1255 4170 1257 4235 ξ

170 4261 262 4318 .p.a9,
311 4281 316 4295 .
1251 4252 1258 4419 g

1255 4656 1258 4693 t

1199 4696 1259 4977 l
