2820 5018
196 456 256 521 166
322 457 391 519 FR.
414 453 503 519 tos.
528 450 826 516 DESBlLLONS
849 452 1108 519 PRAEFATIO.

189 604 252 663 MS.
267 600 393 675 Codice,
412 621 448 658 ex
466 599 529 657 istis
549 596 747 676 quantumvis
762 594 843 654 male
861 593 1001 674 figuratis
1015 598 1177 659 versieulis
1193 599 1232 659 fa·

188 693 246 753 rile
264 692 360 773 possit
374 688 508 748 refutari.
529 685 650 745 Exstitit
665 703 737 764 ergo
751 696 822 743 ante
837 685 951 743 Perotti
963 701 1102 763 etatem,
1119 687 1233 749 Pliaedri

188 780 356 861 exemplar,
377 797 438 857 quo
459 795 530 834 usus
547 770 598 831 ille
613 771 715 831 fuerit.
731 771 787 831 sed
800 773 854 852 qui
868 773 981 833 nostris
994 772 1080 834 hisce
1091 779 1233 860 tempon‘·

187 869 246 929 bus
261 868 480 929 Scriverianam
499 860 653 936 liaeresim,
670 859 735 941 jam
754 861 809 919 diu
828 861 1016 937 obsoletam,
1037 868 1173 948 arripuit
1189 869 1233 927 lo.

189 954 447 1028 Frid.Cl1ristius,
466 953 602 1011 melioris
621 965 703 1010 notae
720 950 846 1010 Codices
862 951 1009 1031 reposcit,
1027 950 1234 1012 Pithoeanum·

185 1052 247 1126 que
262 1067 296 1104 ac
311 1047 489 1103 llemensem
501 1041 559 1101 sibi
577 1038 665 1099 finxit
677 1060 740 1098 esse
755 1060 821 1099 non
839 1039 938 1099 multo
953 1054 1043 1099 aetate
1058 1041 1175 1101 Perotti
1189 1062 1233 1100 ve-

186 1135 339 1192 tustiores.
354 1132 509 1189 Remensis
524 1127 627 1189 Codex
642 1146 725 1185 anno
745 1123 837 1205 hujus
855 1125 948 1184 seculi
968 1127 1094 1186 Lxxtv
1115 1128 1233 1187 ineunte

186 1243 258 1281 eum
272 1221 338 1280 aliis
353 1219 565 1302 compluribus
579 1217 666 1275 libris
687 1214 831 1275 incendio
845 1215 952 1296 periit:
972 1230 1005 1275 et
1018 1230 1168 1298 excerptae
1185 1214 1233 1275 re·

187 1311 240 1369 rite
259 1308 322 1389 ejus
342 1310 486 1369 lectiones
499 1308 541 1384 (ι)
561 1305 673 1387 passim
690 1318 865 1365 occurrunt.
886 1303 978 1380 Quod
993 1325 1069 1365 vero
1085 1304 1126 1365 ad
1145 1307 1232 1388 ipsius

188 1414 308 1458 {etatem
325 1400 470 1481 pertinet,
484 1416 653 1455 asseverare
664 1415 791 1476 possum
804 1395 893 1454 annis
907 1393 1076 1476 plusquam
1090 1398 1232 1477 quingen·

187 1489 225 1546 tis
246 1489 338 1548 fuisse
356 1501 444 1547 {etate
464 1486 579 1546 Perotti
601 1485 807 1565 superiorem3
827 1485 886 1563 legi
909 1485 992 1542 enim
1012 1499 1043 1543 et
1063 1485 1229 1545 examinavi

186 1595 282 1633 unam
295 1598 311 1633 e
326 1574 445 1634 Phaedri
459 1573 578 1634 fabellis
594 1575 760 1652 integram,
774 1570 811 1631 ad
828 1571 984 1653 exemplar
996 1570 1078 1632 illud
1093 1574 1231 1632 Remense

187 1662 306 1744 scalpro
319 1679 409 1723 acuto
422 1663 552 1723 fideliter
561 1682 748 1743 expressam,
760 1681 829 1741 quae
840 1661 961 1720 Parisiis
973 1662 1007 1719 in
1017 1662 1116 1743 Regia
1127 1661 1231 1721 Biblio-

186 1749 274 1811 theca
287 1767 432 1811 servatur.
446 1749 642 1811 Pithoeanurn
655 1761 756 1808 autem
767 1749 914 1809 Codieem
926 1748 1035 1808 docuit
1044 1770 1108 1811 nos
1120 1746 1230 1810 Gabriel

186 1843 298 1899 Brutier
310 1839 455 1922 possideri
470 1861 553 1899 nune
564 1839 604 1898 ab
617 1837 822 1897 illustrissimo
835 1840 875 1896 Le
885 1835 1020 1897 Pelletier
1028 1836 1065 1896 de
1079 1836 1228 1910 Rosemdo,

186 1942 308 1988 senatus
326 1929 502 1988 Parisiensis
517 1926 662 1999 Praeside,
675 1947 693 1983 a
705 1946 768 2005 quo
780 1925 931 1985 utendum
947 1924 1038 1984 illum
1059 1927 1192 2008 aceepit:
1208 1926 1229 1983 is

186 2036 297 2097 porro,
316 2018 424 2077 veteris
441 2018 599 2096 scripturae
615 2012 709 2094 judex
728 2014 872 2089 idoneus,
892 2013 1037 2075 Codieem
1061 2013 1149 2075 hune
1168 2028 1229 2075 ante

188 2105 316 2166 DCCCC
328 2128 427 2165 annos
442 2105 535 2164 fuisse
550 2107 713 2186 seriptum,
729 2124 857 2163 asserere
869 2124 933 2163 non
949 2103 1132 2183 dubitate)

227 2195 303 2251 Tam
323 2193 473 2273 legitimas
495 2193 688 2252 auctoritates
707 2213 769 2272 qua
784 2193 903 2251 ratione
921 2189 1076 2251 Christius
1097 2190 1230 2272 defugere

188 2283 296 2362 possit,
316 2303 383 2341 non
395 2281 494 2340 rideo.
510 2281 566 2339 Sed
580 2279 634 2339 has
648 2280 790 2354 fabellas,
809 2302 885 2362 quas
898 2301 956 2341 nos
968 2280 1028 2340 sub
1044 2277 1169 2341 Phedrt
1183 2300 1230 2341 no·

188 2370 271 2428 mine
284 2369 492 2443 venditemus,
504 2370 555 2426 vix
569 2368 679 2428 latinas
692 2390 770 2443 esse,
784 2386 896 2429 scatere
907 2369 1017 2428 saltem
1028 2369 1144 2452 ineptis
1155 2366 1229 2429 loeu-

187 2458 326 2518 tionibus
340 2457 499 2517 contendit
510 2456 622 2538 :·quod
637 2473 666 2517 et
679 2459 772 2517 variis
786 2458 946 2539 exemplis,
961 2473 992 2517 at
1005 2478 1148 2519 successu
1161 2455 1228 2517 infe·

186 2536 348 2617 licissimo,
361 2559 489 2604 conatus
504 2557 548 2602 est
560 2543 727 2603 ostendere.
742 2547 809 2625 Ego
821 2565 893 2603 vero
908 2544 947 2604 ab
960 2542 1118 2623 ejusmodi
1132 2544 1229 2605 adm

187 2630 268 2689 sario
290 2629 453 2690 refutando
472 2651 534 2689 esse
552 2628 629 2689 mihi
649 2631 866 2690 abstinendum
886 2652 922 2689 eo
942 2629 1093 2691 libentius
1109 2628 1228 2701 credidi,

188 2716 273 2795 quod
283 2718 331 2776 Jo.
341 2718 405 2776 Nic.
416 2718 577 2791 Funecius‚
590 2738 673 2777 anno
684 2716 748 2797 jam
763 2717 848 2800 1747,
861 2718 1020 2800 publicata
1031 2740 1092 2801 pro
1106 2718 1228 2780 Phaedro

187 2800 312 2883 ejusque
323 2801 442 2865 fabulis
452 2805 617 2887 Apologia,
632 2804 794 2867 hominem
807 2808 896 2866 illum
909 2807 1061 2882 insanire,
1075 2809 1148 2868 satis
1159 2805 1228 2867 belle

187 2890 452 2953 demonstraverit.
489 2928 492 2933 ·

226 2982 330 3041 Critici
343 3004 450 3042 omnes
465 2983 553 3063 periti
567 2981 717 3058 latentur,
730 2983 777 3041 vel
791 2982 879 3043 fateri
892 2982 1022 3059 debent,
1035 2985 1187 3065 quasdam
1199 2984 1225 3043 in

185 3069 233 3131 his
245 3070 359 3131 fabulis
371 3071 518 3153 loquendi
529 3071 645 3132 formas
655 3073 788 3133 inveniri
796 3072 926 3133 Phaedro
937 3088 1043 3133 nostro
1054 3075 1226 3157 peculiarem

185 3171 214 3216 et
224 3158 296 3218 hinc
307 3161 467 3235 nonnulli,
478 3182 527 3219 eas
540 3160 645 3240 aliquo
658 3161 807 3222 deteriore
820 3163 922 3223 seculo
935 3164 1074 3245 potuisse
1083 3162 1224 3244 confingi,

183 3248 326 3326 pessime,
338 3271 404 3308 mea
414 3249 540 3331 quidem
552 3252 716 3326 sententia,
727 3253 871 3333 suspicati
884 3267 964 3312 sunt.
976 3255 1140 3313 Terentius
1151 3253 1224 3313 enim

183 3347 214 3393 et
227 3336 388 3412 Horatius,
405 3353 440 3399 ut
451 3340 528 3398 alios
542 3341 684 3399 omittam
696 3341 859 3423 scriptores
873 3343 1024 3424 optimos,
1040 3363 1134 3403 suum
1151 3341 1223 3424 quis·

218 3507 258 3577 (1)
274 3509 314 3561 On
332 3514 448 3563 trouved
466 3514 492 3565 la
508 3515 688 3588 Bibliotdeque
730 3517 878 3569 Generidve.
902 3516 994 3587 (Note
1016 3514 1049 3566 de
1070 3516 1108 3567 M.
1132 3513 1229 3585 Adry.)

183 3590 218 3655 du
243 3589 293 3640 liei
311 3609 348 3642 un
364 3592 521 3664 exemplaiue
536 3596 571 3646 du
587 3595 687 3646 Pdidre
762 3596 800 3663 (a)
816 3600 885 3648 ΜΜ.
903 3598 938 3648 le
953 3595 1080 3648 Pelletr'er
1094 3604 1141 3647 ont
1156 3591 1224 3645 Mite'

165 3666 215 3719 ‘de
232 3668 338 3733 Bracae,
363 3669 441 3738 1743,
462 3690 508 3723 sur
522 3670 609 3744 lequel
626 3673 686 3725 dom
726 3694 758 3725 en
769 3676 854 3745 partie
867 3677 910 3727 des
923 3685 1025 3726 savants
1039 3674 1155 3738 Pidrou,
1168 3670 1222 3723 donl

184 3748 310 3811 Vineeut,
336 3749 526 3829 bibliotlepeire
549 3753 579 3802 de
599 3754 687 3804 Saint-
727 3752 1219 3827 ilse'teientparentsperunelaestlue

106 3878 111 3895 ,
181 3827 256 3879 Remi
276 3827 307 3879 de
323 3827 421 3891 deims,
441 3848 457 3878 α
476 3832 577 3900 reperte
591 3829 626 3883 les
642 3851 686 3882 va·
725 3835 789 3899 sier,
806 3848 832 3888 et
841 3835 866 3889 le
877 3837 1035 3898 manuscrit,
1049 3832 1220 3886 aestatem

181 3906 277 3960 nantes
290 3907 324 3959 do
338 3912 478 3961 manuscrit
488 3911 520 3961 de
532 3910 624 3965 deims.
642 3912 686 3962 Ili·
725 3915 822 3986 unique
839 3915 870 3966 de
887 3915 1010 3978 l’dddre,¹
1022 3925 1060 3965 est
1079 3930 1169 3966 encore
1181 3928 1217 3961 ιιι·

178 3972 256 4060 pauli
275 4005 291 4037 a
311 3986 374 4039 lcn't
395 3985 470 4038 ‘telles
489 3988 531 4039 du.
543 3991 687 4045 mattutcn'l
717 3988 1217 4065 jourdlniidansleurdidliotdriqee.01

180 4068 211 4121 de
231 4068 271 4118 Μ.
288 4066 398 4131 ΡίιΙιοιι,
417 4085 461 4119 sur
474 4070 685 4141 un.exemplaire
724 4071 830 4125 m’eeeit
847 4075 989 4144 imples
1003 4060 1217 4143 m’assurantpnll

179 4148 210 4199 de
220 4147 246 4198 la
257 4149 381 4218 premiire
394 4148 505 4211 edition,
522 4151 569 4220 qui
581 4162 686 4202 setrou·
725 4170 757 4203 en
778 4154 850 4203 uenit
872 4152 976 4221 dispare
994 4150 1016 4201 il
1031 4170 1054 4221 y
1074 4170 1092 4201 a
1105 4147 1215 4222 'quelq‘

178 4228 290 4281 vendam
310 4224 336 4279 le
353 4225 524 4299 bibliotheque
539 4229 570 4280 de
586 4229 686 4281 Scre'nte·
724 4234 824 4283 euticies.
839 4230 925 4296 (Note
935 4230 970 4283 de
981 4231 1017 4281 Μ.
1030 4228 1130 4300 slth.)
