2820 5018
366 422 459 487 mn.
484 420 512 500 t,
538 421 633 484 mn.
658 419 804 486 xvtn.
1045 423 1107 511 397

66 566 125 629 Vir
137 582 186 630 est
197 563 360 644 hortatus,
375 586 494 653 corpus
506 563 592 627 lecto
605 563 781 650 reciperet,

64 674 157 737 Onus
169 691 293 738 naturae
305 673 422 736 melius
434 694 500 760 quo
514 669 706 758 deponeret.
1095 686 1110 735 5

64 780 218 856 Minime,
232 779 352 867 inquit,
367 777 423 841 illo
435 798 531 863 posse
544 774 675 840 confido
687 775 762 839 loco

63 886 188 950 Malum
202 886 302 964 liniri,
316 909 383 975 quo
395 899 591 970 conceptum
604 899 653 946 est
666 882 770 946 initio.

61 1064 163 1114 quentcr
172 1066 247 1115 poetae
258 1052 335 1098 etalii.
346 1079 377 1088 -
388 1051 408 1096 5.
418 1062 475 1098 ortus
485 1058 579 1095 nature.
590 1051 625 1094 Sic
635 1049 698 1094 MSS.
709 1047 768 1094 Pitb.
780 1049 844 1094 Rern.
856 1059 879 1095 et
890 1059 946 1096 vett.
959 1048 1027 1097 editt.
1039 1068 1109 1116 quen

63 1121 186 1168 lectionem
199 1122 311 1184 probent,
321 1135 405 1186 preter
414 1121 471 1168 elios
483 1123 586 1167 Gronov.
599 1122 761 1182 lloogttrntnn.
772 1120 880 1166 Etimtlem
892 1121 959 1166 etiem
969 1134 1032 1168 reete
1043 1139 1110 1172 rece-

62 1206 148 1253 perunt
162 1197 304 1241 recentiores
320 1195 437 1247 Editotes,
455 1191 544 1239 Petsch.
562 1192 661 1237 Drotier.
677 1192 767 1254 Dipout.
782 1190 879 1238 Detbill.
893 1195 937 1238 ‘etsi
954 1191 984 1238 de
1000 1193 1050 1240 fetu
1064 1196 1109 1242 dici

61 1263 167 1308 nondum
179 1264 328 1310 observatum
336 1265 373 1310 sit.
383 1263 428 1309 Sed
438 1264 516 1308 Heius.
528 1261 645 1307 substituit
653 1276 710 1306 ortus
721 1271 848 1318 moturum,
856 1273 938 1308 notum
947 1265 1033 1325 poetis,
1045 1266 1110 1328 quod

61 1332 138 1395 placet
149 1335 252 1381 Bentleio
265 1348 288 1382 et
299 1339 443 1392 Durmsuno,
456 1333 523 1392 eujus
536 1332 648 1380 eruditum
660 1333 689 1379 de
700 1336 743 1380 ista
756 1335 844 1380 lleintii
857 1336 1003 1397 conjecturs,
1019 1339 1110 1386 minime

60 1407 204 1459 necessaria,
217 1405 411 1468 disputationem,
424 1407 443 1451 si
455 1403 544 1466 placet,
555 1402 615 1464 lege.
624 1429 656 1438 -
665 1403 687 1449 6.
701 1403 746 1450 illo.
758 1405 792 1451 ltu
801 1406 864 1450 MSS.
877 1404 935 1450 Pitb.
947 1407 1011 1453 Item.
1022 1419 1046 1453 et
1055 1409 1108 1455 Vet.

60 1472 130 1519 lt'ditt.
143 1474 189 1521 Sed
200 1477 257 1522 cod.
272 1481 331 1524 Dan.
343 1477 413 1523 babet
424 1475 476 1529 itta.
487 1488 511 1521 ut
519 1475 630 1535 jungetur
640 1490 693 1520 cum
704 1478 783 1538 inquit.
794 1477 829 1521 lta
839 1475 920 1521 volunt
928 1475 973 1538 legi
982 1478 1075 1525 saluus.
1087 1493 1110 1527 et

60 1544 124 1588 Gttd.
135 1546 200 1592 lianc
211 1544 336 1593 lectionem
347 1562 442 1610 quoque
451 1557 591 1606 receperunt
600 1544 696 1589 Bentlei.
709 1557 733 1590 et
742 1543 840 1608 Philipp.
851 1547 982 1608 Utrumque
992 1562 1054 1594 reete
1064 1551 1109 1596 dici

58 1627 147 1677 potest.
159 1617 216 1662 Num
226 1621 244 1663 si
253 1618 298 1665 boc
309 1618 391 1679 eligas,
405 1617 461 1663 illud
469 1615 656 1676 subintelligitur.
667 1641 698 1650 -
706 1617 801 1678 confido.
813 1615 886 1662 Bentl.
898 1618 984 1679 confido
994 1618 1037 1666 boc
1048 1620 1109 1678 loce,

60 1685 128 1746 quod
139 1700 173 1732 est
185 1690 207 1732 in
222 1688 278 1735 Cotl.
292 1691 351 1734 Dan.
364 1707 382 1735 ι.
394 1692 462 1735 Voss.
476 1685 581 1734 Senudon
594 1699 616 1732 et
626 1685 723 1749 Philipp.
738 1686 817 1748 legunt
828 1687 946 1748 confidem.
959 1715 990 1726 -
1002 1707 1024 1752 7.
1038 1695 1107 1738 initio.

60 1754 121 1800 tlod.
134 1757 192 1802 nan.
208 1760 223 1803 i.
237 1775 258 1803 e.
273 1758 367 1806 schedae
379 1762 448 1822 regiae
460 1760 561 1810 initium,
574 1754 637 1802 unde
650 1758 728 1803 lleine.
741 1757 862 1820 colligebat
872 1756 1003 1821 prienuium.

60 1895 107 1946 bb.
123 1899 165 1963 IV,
177 1900 229 1952 fab.
241 1902 327 1969 XXII,
345 1900 565 1968 r,Sattler:l·lii-
604 1900 654 1966 64,
672 1904 898 1954 -onusventris.·
915 1903 1001 1968 ld.ll,
1017 1905 1105 1957 Amor.
1163 1963 1165 1967 y
1201 1973 1206 1981 Ι

58 1974 131 2048 ylicb
145 1981 305 2035 wimmernd.
605 1981 643 2033 El.
656 1983 728 2048 XIIl,
742 2000 768 2049 r,
783 2005 793 2030 ι
803 1982 908 2054 pondus
916 1984 996 2047 uteri,
1007 2007 1018 2030 ι
1029 1985 1105 2056 Prop.

98 2061 123 2125 4.
141 2061 201 2124 Vir,
216 2083 265 2134 pro
279 2069 387 2132 marito,
400 2079 428 2118 ut
442 2084 518 2137 sepe.
531 2065 563 2115 V.
605 2060 648 2113 lib.
660 2064 704 2127 IV,
715 2062 754 2115 El.
765 2066 790 2130 l,
803 2064 837 2133 96
851 2061 861 2132 (
873 2062 1107 2139 too),·quidniigi-

59 2140 169 2192 Gesner.
183 2143 259 2196 Thes.
275 2148 302 2198 L.
319 2149 347 2198 L.
364 2146 389 2198 h.
406 2165 428 2198 v.
450 2147 491 2199 Sic
506 2165 564 2197 mu·
603 2157 725 2196 turonus
738 2146 855 2197 natum?
867 2165 890 2196 v.
904 2143 971 2196 Gud.
986 2174 1021 2184 -
1033 2146 1108 2216 depo·

57 2218 123 2285 lier,
136 2238 183 2290 pro
196 2241 284 2276 uxore.
297 2254 333 2264 -
344 2242 436 2297 corpus
447 2225 512 2278 lecto
526 2241 565 2276 re-
604 2236 683 2278 neret.
701 2224 915 2279 Accommotlate.
935 2227 1024 2277 Manet
1039 2229 1108 2278 enim

58 2299 169 2367 ciperet,
184 2300 297 2373 intellige
312 2314 348 2354 ut.
364 2304 468 2355 Dictum
482 2316 511 2354 ut
526 2321 564 2354 re-
603 2309 630 2358 in
643 2306 810 2379 metaphora,
825 2308 950 2361 abunere
964 2322 989 2360 et
1005 2310 1105 2362 sarcina

56 2377 146 2445 cipere
156 2377 268 2450 aliquem
283 2383 367 2435 domo.
380 2384 457 2453 Prop.
473 2384 509 2446 ll,
524 2380 562 2432 El.
603 2382 754 2456 desumptae
766 2385 859 2437 Catull.
873 2387 991 2450 XXXIV,
1006 2407 1044 2438 «o
1055 2387 1105 2439 La-

58 2456 156 2521 xxtv,
166 2459 288 2525 41,dixit.
300 2461 486 2514 allullaturnen
494 2460 562 2513 lecto
602 2464 688 2530 tonia,
699 2465 803 2517 maximi
812 2482 905 2534 magna
915 2466 1052 2535 progenies
1061 2466 1105 2516 Jo-

57 2535 154 2605 recipit
165 2557 191 2588 se
204 2538 258 2591 sola
269 2539 385 2592 libenter.
397 2564 408 2587 n
422 2539 479 2591 vat.
491 2541 559 2591 Max.
601 2542 652 2605 vis,
666 2559 744 2612 quarn
756 2556 840 2594 mater
849 2562 933 2614 prope
948 2541 1048 2595 Deliam
1063 2543 1105 2594 de

57 2617 109 2679 Vl,
122 2620 225 2684 vnt,6,
241 2640 289 2672 «se
304 2624 419 2692 recipere
434 2621 467 2674 ad
480 2620 561 2673 lectu·
600 2621 696 2690 posivit
716 2620 842 2673 olivam.»
868 2623 925 2673 Hoc
947 2620 1054 2673 verbum
1078 2638 1104 2675 et

25 2711 29 2718 ·
58 2691 127 2756 lum;
138 2719 149 2739 υ
164 2709 228 2749 teste
241 2700 396 2751 Burmanno.
602 2701 709 2773 simplex
726 2721 822 2775 ponere
838 2705 944 2775 proprie
962 2718 1104 2775 usurpatur

96 2775 119 2826 5.
134 2780 203 2830 Onus
213 2791 310 2831 ttatttroe
317 2781 465 2850 deponeret,
477 2779 561 2833 alvum
601 2780 627 2830 in
640 2793 725 2850 partu.
739 2780 796 2832 Vid.
810 2780 867 2832 loca
879 2780 969 2852 paullo
982 2794 1041 2832 ante
1056 2801 1104 2834 no-

55 2872 224 2919 exoneraret,
251 2861 330 2911 letum
351 2860 507 2930 deponeret,
531 2876 561 2913 ut
600 2860 1102 2927 tntu.ltaGraeciutuntureti'tiwribpr,

53 2935 103 2989 lib.
119 2938 143 3000 l,
159 2938 211 2988 lab.
223 2940 296 3003 xlx,
308 2939 331 3004 4.
343 2940 394 2991 Sed
404 2939 447 2991 lib.
458 2942 495 3005 ΙΙ,
504 2941 558 2993 fab.
601 2936 754 2989 observante
767 2941 928 3003 Burmanno,
942 2956 1020 3007 quem
1034 2939 1101 2995 vide.

52 3019 103 3083 1V,
118 3018 149 3080 3,
168 3017 231 3068 dixit
241 3019 329 3089 sctum
342 3039 452 3092 ponere,
472 3033 497 3071 et
515 3019 558 3073 lib.
600 3018 664 3083 Qute
683 3020 704 3068 si
723 3020 789 3069 forte
806 3037 860 3068 non
881 3017 1016 3087 placeant,
1039 3039 1102 3074 onus

54 3101 107 3164 ΙΙΙ,
121 3098 173 3149 leb.
185 3100 242 3165 XV,
253 3101 281 3161 6,
297 3100 466 3171 nprolapsam
478 3097 561 3151 effun-
601 3108 701 3149 natnroe
719 3096 915 3167 explicandum,
937 3115 1004 3148 onus
1021 3118 1035 3150 a
1055 3119 1102 3152 na·
1119 3108 1127 3119 '

53 3179 95 3229 tlit
105 3181 241 3229 sarcinam.
254 3201 265 3222 ι»
280 3176 506 3230 Ontetnatttroelib.
517 3180 559 3243 lll,
600 3188 658 3227 tura
668 3178 743 3225 matri
752 3177 916 3245 impositum,
930 3187 958 3226 ttt
969 3193 1017 3226 uox
1027 3187 1101 3228 natte-

54 3256 110 3307 fab.
125 3257 181 3322 XV,
195 3255 224 3314 5,
237 3257 558 3328 appellatonnsiqnotum.
600 3273 634 3306 rte
651 3254 695 3306 lib.
715 3255 747 3318 V,
766 3255 818 3307 fab.
832 3257 864 3319 V,
882 3255 931 3321 33,
948 3257 965 3307 i.
981 3276 996 3307 e
1021 3277 1100 3331 quam

53 3336 115 3386 Vox
137 3352 222 3389 autem
244 3347 342 3387 naturae
362 3334 489 3406 capiendo
510 3354 558 3406 pro
599 3349 691 3386 nature
706 3334 807 3387 indidit.
820 3355 843 3386 v.
856 3337 887 3387 V.
903 3337 931 3389 L.

54 3415 175 3486 partibus
195 3416 350 3487 genitalibus
371 3428 397 3467 et
420 3428 507 3479 utero,
529 3428 558 3465 ut
626 3414 1099 3490 6.[MinimecorfidoSicvertasGal·

55 3495 157 3547 Gudius
167 3497 252 3549 docet.
263 3498 316 3549 Cic.
329 3497 361 3548 de
368 3498 424 3548 Div.
433 3499 468 3562 ll,
480 3515 501 3547 e.
514 3513 557 3565 70,
598 3496 646 3548 lice
656 3520 661 3547 :
672 3499 704 3548 Je
712 3516 792 3549 neme
792 3498 874 3574 flatte
881 3517 929 3570 pas
934 3541 942 3567 ,
950 3501 1058 3570 dit-elle,
1066 3505 1097 3557 de

58 3599 70 3621 ι
82 3594 172 3645 parere
183 3576 299 3648 quedam
309 3591 427 3628 matrona
436 3577 557 3646 cupiens,
599 3589 701 3630 trouver
713 3577 788 3652 lofin
801 3581 903 3633 demon
917 3582 974 3634 mal
987 3587 1021 3635 ot't
1035 3603 1098 3638 mon

55 3654 180 3708 dubitans
189 3672 289 3709 essetne
298 3674 446 3729 pungnant,
456 3659 510 3708 risa
520 3670 558 3708 est
598 3657 653 3708 mal
663 3657 742 3730 apris
752 3659 889 3712 nuissance.
899 3661 931 3712 G.
940 3657 951 3732 l
961 3691 995 3701 -
1006 3681 1029 3733 7.
1041 3684 1099 3718 con·

54 3741 82 3789 in
97 3739 182 3809 quiete
193 3738 356 3809 obsifpiatom
370 3739 466 3791 habere
480 3751 557 3790 nutu·
597 3751 711 3810 ceptum,
724 3752 817 3792 ortum.
829 3741 870 3793 Sic
878 3743 948 3814 apud
956 3744 1009 3795 Cic.
1020 3746 1053 3797 N.
1064 3747 1096 3798 D.

55 3839 125 3883 ram,
136 3843 146 3863 ι
168 3822 184 3870 i.
202 3840 224 3871 e.
246 3835 356 3873 uterum.
376 3821 418 3873 Sic
433 3821 508 3886 elibi,
528 3836 556 3873 ιιι
596 3820 643 3884 ΙΙΙ,
656 3839 678 3869 c.
691 3818 739 3884 38,
753 3831 888 3893 conceptus
897 3842 913 3871 a
922 3840 948 3873 se
958 3823 1012 3895 ipso
1025 3824 1100 3877 dolor

53 3902 149 3953 Lexica
161 3900 269 3967 docent,
282 3903 333 3954 hoc
343 3922 418 3955 sensu
431 3905 556 3964 occurrit;
597 3901 740 3971 opponitur
767 3900 880 3952 immisso
903 3900 1034 3954 (livinitus.
1054 3906 1097 3955 Au

55 3979 129 4052 apud
140 3979 193 4030 Cic.
211 3978 243 4031 tle
255 3983 287 4032 N.
304 3983 335 4032 D.
350 3980 393 4032 lib.
407 3983 453 4047 lll,
470 4002 492 4033 c.
513 4000 553 4034 ιι.
596 3977 717 4030 Phedrus
736 3981 763 4030 in
785 3981 908 4051 ambiguo
929 3981 1006 4052 hujus
1025 3982 1097 4035 verbi

53 4061 163 4113 Sueten.
175 4059 233 4111 Tib.
249 4062 295 4127 45,
313 4076 375 4114 extr.
390 4064 494 4114 Dictum
511 4065 556 4134 igi·
597 4079 673 4111 sensu
685 4059 773 4112 ludere
788 4062 910 4127 voluerit,
924 4061 995 4133 quod
1007 4063 1099 4117 volunt·

54 4158 112 4203 tur,
134 4153 162 4190 ut
176 4160 238 4192 onus
252 4145 327 4207 uteri,
347 4144 423 4197 Ovid.
442 4146 488 4216 Ep.
506 4146 555 4210 xl,
596 4138 688 4209 Rigalt.
703 4153 728 4189 et
739 4138 900 4215 Scheffefue,
914 4143 1048 4193 incertum.
