2820 5018
349 474 825 552 xrn.1,rnr.xxvxn.
1042 483 1105 560 425
1157 461 1159 467 ’

108 621 269 709 Vulpinos
280 619 404 684 catulos
418 619 533 706 Aquila
547 616 714 706 quondam
727 618 872 697 sustulit,

62 729 217 817 Nidoque
230 729 339 816 posuit
351 727 464 814 pullis,
478 749 585 789 escarn
599 744 634 789 ut
647 743 827 813 carperent.

64 840 159 901 Hanc
172 853 341 924 persecuta
354 853 458 898 mater
470 856 562 898 orare
576 834 704 920 incipit,

62 945 113 1005 Ne
126 958 251 1004 tanturn
264 942 391 1003 iniserae
404 940 530 1002 luctum
543 939 733 1024 importaret
745 936 817 1003 sibi.
914 938 916 947 ⁴

61 1048 245 1111 Contemsit
257 1045 326 1123 illa,
340 1062 409 1108 tuta
422 1045 545 1133 quippe
559 1043 630 1129 ipso
642 1042 726 1106 loco.

61 1231 175 1289 conjecit,
189 1228 292 1275 solertioe.
305 1255 336 1265 -
346 1226 369 1283 i.
385 1229 412 1272 ln
423 1227 491 1273 Editt.
507 1225 604 1288 Philipp.
618 1226 710 1272 lallem.
724 1229 820 1273 Brotier.
835 1229 925 1290 Bipout.
941 1227 1054 1275 Miieliler.
1069 1228 1106 1277 lue

59 1315 142 1346 versut
157 1301 188 1344 ita
205 1299 344 1345 exhibetur:
360 1299 464 1360 Nidoque
479 1299 594 1357 imposuit,
609 1294 670 1359 pulli
680 1313 755 1343 escam
769 1307 794 1342 ut
809 1308 938 1360 carpennt,
955 1300 1029 1344 invitis
1045 1299 1107 1346 libn'r

60 1373 160 1433 seriptis.
176 1372 252 1430 Quare
265 1386 317 1415 cum
330 1369 469 1416 Derbillonio
483 1367 599 1429 vulgatum
610 1371 708 1415 retineo.
720 1369 814 1415 Bentlei.
825 1371 930 1434 Nidoque
939 1374 1025 1433 posuit,
1039 1370 1108 1433 pullis

60 1455 136 1486 escam
148 1449 173 1485 ut
181 1442 298 1495 conderer·
307 1441 349 1487 sed
358 1440 404 1485 vid.
416 1443 492 1486 turm.
502 1438 672 1500 Cuniughamus
681 1439 725 1500 legi
733 1440 799 1500 jubet
808 1458 814 1487 t
826 1443 929 1503 Nidoque
937 1446 1012 1502 posuit
1020 1458 1109 1499 escam,

60 1519 90 1554 ut
97 1507 158 1572 pulli
167 1519 291 1571 curpmnt.
302 1535 332 1546 -
342 1510 426 1555 Posuit.
440 1510 545 1554 Heinsius
557 1508 655 1554 molebat
666 1511 782 1570 apposuit,
794 1522 818 1554 et
831 1510 854 1553 in
865 1509 941 1554 nidum
951 1515 1055 1573 opposuit
1067 1509 1110 1556 he-

60 1581 103 1627 bet
115 1585 189 1627 Anon.
205 1582 247 1628 Nil.
262 1583 302 1627 sed
319 1580 349 1627 nil
364 1581 513 1634 mutandum,
524 1581 642 1641 judicante
658 1583 869 1627 normannorum
884 1581 954 1642 dapes
971 1599 1036 1645 aeque
1048 1583 1108 1630 bene

59 1656 142 1716 poeitae
152 1665 175 1699 et
183 1663 290 1715 opposite
299 1654 416 1700 dicuntur.
428 1653 480 1698 Viti.
491 1655 545 1697 Not.
554 1678 584 1687 —
593 1653 614 1696 5.
624 1661 750 1713 persecuta.
763 1652 872 1697 llomulux
882 1654 970 1698 Divion.
981 1664 1107 1716 proseuta.

60 1749 95 1762 -
103 1725 126 1770 6.
138 1727 170 1770 ltu
180 1724 217 1770 hic
226 1742 306 1771 versut
315 1725 398 1786 legitur
409 1728 433 1770 iu
444 1726 508 1771 MSS.
521 1721 581 1770 Pitlx.
594 1736 616 1768 et
630 1727 692 1769 ilem.
704 1737 727 1768 et
737 1724 777 1768 Ed.
789 1725 841 1768 Vet.
853 1722 980 1787 Phiiippus,
991 1740 1060 1786 quem
1071 1741 1107 1770 se·

61 1796 142 1857 quitur
151 1795 281 1843 lnllenxout.
293 1798 385 1843 Frustra
395 1796 538 1850 emendavit,
550 1804 636 1839 tontum
646 1799 733 1840 miseroe
743 1794 843 1840 luctuum
853 1797 955 1856 importet
964 1795 987 1840 S.
999 1795 1044 1841 rid.
1055 1799 1110 1841 Bro-

63 1869 115 1912 tier.
127 1867 311 1929 Cuuiuphumus:
322 1885 349 1915 ne
360 1880 447 1915 tantum
457 1868 532 1914 tuctus
542 1872 645 1931 importet
653 1871 676 1914 S.
687 1865 733 1913 rid.
744 1870 808 1914 Brot.
819 1866 1007 1929 Cuuiuglxamut:
1020 1884 1048 1914 ne
1058 1877 1110 1913 tun·

64 2018 220 2086 calliditate,
242 2037 267 2075 et
286 2024 417 2076 idiotismo
434 2023 566 2088 sollemni,
607 2036 733 2092 carpunt,
758 2021 932 2088 elicuerant,
958 2018 1009 2072 ulia
1032 2039 1107 2072 mau-

63 2116 114 2170 pro
124 2099 231 2152 callidis.
243 2104 297 2154 Cir.
309 2101 354 2154 lib.
365 2105 449 2170 1,0ft.
465 2121 504 2167 xo,
518 2105 566 2155 «in
607 2100 680 2153 dunt.
692 2125 702 2147 n
719 2102 768 2152 Cui
780 2100 839 2152 loco
852 2098 918 2152 adde
931 2099 1017 2151 locum
1028 2098 1104 2151 Ovid.

64 2180 137 2228 omui
148 2198 176 2230 re
187 2181 310 2251 fugienda
318 2197 355 2235 est
364 2182 422 2235 tolie
431 2183 543 2235 solertia.
552 2207 563 2229 ι
608 2198 684 2250 quem
695 2181 781 2229 llurm.
791 2179 866 2230 affert
875 2181 961 2230 Amor.
973 2180 1021 2243 ΙΙΙ,
1029 2195 1055 2244 v,
1065 2195 1106 2246 27.

65 2257 116 2309 Sed
127 2259 235 2312 verbum
244 2273 315 2331 patet
328 2276 389 2334 apte
399 2264 519 2333 exprimit
529 2265 568 2315 fa·
607 2256 657 2309 Sed
671 2256 714 2309 hic
728 2276 831 2330 carpere
844 2272 897 2323 est,
910 2277 957 2329 per
969 2270 1056 2329 partes
1068 2257 1108 2309 di·

64 2334 189 2390 cilitatem
200 2341 353 2411 quamdam,
364 2341 397 2394 de
407 2361 459 2413 quo
469 2362 493 2394 v,
505 2345 566 2393 Bur.
606 2336 702 2403 videre,
709 2335 857 2407 discerpere
864 2357 871 2398 ς
879 2335 950 2407 quod
959 2350 996 2387 est
1005 2336 1107 2403 fortius,

63 2434 152 2467 mann.
170 2422 214 2488 qui
230 2419 318 2471 laudat
337 2423 390 2473 Liv.
412 2422 456 2473 lib.
472 2422 565 2487 XXIV,
606 2434 684 2486 quum
700 2417 721 2467 si
737 2415 889 2487 simpliciter
906 2415 1025 2480 dixisset,
1045 2413 1107 2466 ede-

65 2495 291 2564 enp.37;lustin.
305 2500 517 2567 11,t,etxxt1,
532 2503 563 2555 5:
605 2509 670 2546 rent.
694 2494 769 2548 ovid.
792 2494 837 2547 lib.
862 2495 910 2560 111,
931 2496 961 2545 A.
982 2496 1012 2546 A.
1036 2493 1105 2563 755:

63 2571 176 2626 Schiaue
193 2578 244 2628 tto
262 2578 342 2630 balant
359 2579 412 2630 sielr
432 2579 481 2629 den
501 2580 564 2652 Wep
608 2575 789 2644 «curpeciboe
798 2573 914 2645 digitis.»
928 2575 968 2626 De
978 2576 1049 2625 vario
1057 2593 1106 2626 usu

65 2671 111 2703 zur
123 2653 302 2709 lactentem.
317 2657 419 2710 Sattler.
435 2659 484 2710 Sed
498 2659 564 2711 male
606 2653 683 2724 hujus
697 2653 766 2706 verbi
781 2673 804 2705 v.
820 2652 938 2705 Lambiu.
955 2650 988 2703 ad
1003 2654 1064 2703 lior.
1081 2653 1105 2718 l,

64 2733 139 2781 vertit
149 2732 310 2786 Clit'irdens.
322 2737 362 2786 Cf.
373 2739 403 2787 A.
413 2739 440 2788 L.
449 2738 475 2788 Z.
490 2755 564 2808 1791,
604 2732 655 2785 od.
668 2749 708 2798 xr,
721 2735 750 2798 8,
764 2753 841 2805 quem
854 2735 939 2785 Burin.
953 2731 1051 2783 laudat.
1120 2771 1123 2778 -

63 2811 113 2871 ΙΙΙ,
129 2811 189 2875 460.
575 2834 577 2841 ·
642 2813 665 2865 5.
688 2826 825 2884 persecuta.
848 2813 929 2863 Notat
952 2810 1106 2863 sollicitudi-

98 2889 126 2939 3.
148 2890 256 2943 catulos.
279 2894 385 2962 Proprie
403 2893 436 2945 de
453 2897 508 2947 fetu
525 2916 565 2948 ca.
604 2909 664 2941 nem
683 2901 708 2941 et
728 2892 929 2942 festinationem.
947 2890 1006 2939 Ter.
1026 2887 1104 2939 Phor.

61 2987 144 3029 nuni,
156 2979 184 3016 ut
194 2967 240 3018 lit».
251 2970 274 3032 1,
287 2969 341 3020 fab.
352 2973 425 3036 xlx,
437 2989 462 3037 7,
471 2972 564 3025 deinde
604 2969 652 3032 ΙΙΙ,
665 2969 712 3032 ΙΙΙ,
731 2969 777 3020 ¹8:
795 2985 924 3037 ·qu0qu0
938 2964 999 3016 hine
1013 2984 1105 3035 aspor-

61 3045 162 3097 dicitur
182 3045 214 3096 de
235 3051 306 3098 omni
326 3050 380 3099 fetu
399 3047 563 3114 animalium,
605 3047 702 3098 rabitur
712 3059 963 3110 terrarum,eextum
974 3057 1012 3094 est
1020 3062 1106 3113 perse·

62 3138 93 3176 ut
109 3122 134 3173 h.
152 3121 168 3173 l.
184 3121 227 3174 lib.
243 3126 278 3184 ΙΙ,
295 3141 330 3189 xv,
347 3125 388 3190 24.
402 3155 438 3166 -
453 3126 562 3179 trastulit.
606 3129 659 3197 qui.
670 3149 681 3171 υ
702 3125 803 3195 Selueff.
822 3155 858 3164 -
876 3124 976 3193 incipit.
999 3123 1037 3173 De
1055 3121 1106 3172 hoo

62 3205 174 3272 Proprie
186 3204 219 3254 de
233 3217 309 3274 raptu
325 3207 426 3269 urium,
447 3205 509 3274 quia
523 3223 564 3255 se·
604 3204 729 3266 formula,
752 3201 859 3255 Phaedo
877 3199 952 3252 valde
971 3198 1106 3267 familiari,

63 3300 124 3332 curn
139 3281 233 3333 tollunt
248 3285 274 3332 in
289 3282 406 3334 sublime.
426 3283 564 3336 Notandus
604 3305 627 3335 v.
640 3283 673 3335 ad
682 3283 727 3334 lib.
741 3282 925 3348 1,tah.11,8.¹

62 3361 107 3414 hic
122 3360 195 3414 locus
213 3365 284 3433 Virg.
300 3364 357 3414 AEn.
373 3364 423 3428 lX,
443 3363 494 3414 563
508 3381 562 3434 seq.
640 3363 665 3413 6.
687 3361 784 3414 luctum
801 3362 967 3432 importaret,
986 3360 1105 3427 inferret,

63 3443 103 3493 lta
118 3441 162 3492 lili.
178 3444 213 3507 ΙΙ,
228 3442 280 3494 fab.
296 3444 344 3507 Vl,
359 3442 393 3507 4:
413 3440 523 3512 «aquilo
538 3444 564 3492 in
605 3460 651 3493 seu
679 3441 797 3502 afferret,
825 3439 964 3492 Heneleid
986 3439 1103 3493 macheu.

64 3517 176 3570 sublime
194 3520 296 3572 sustulit
315 3520 501 3572 testudinem·
523 3521 563 3572 Cf.
605 3521 710 3583 Cicero,
724 3523 767 3591 qui
778 3518 922 3571 delectatur
931 3519 979 3571 hac
992 3517 1105 3572 locutio·

64 3595 162 3647 sebert.
172 3598 236 3663 -4,
245 3598 331 3664 Nido,
341 3600 368 3649 iu
382 3599 453 3650 nido.
468 3601 498 3649 V.
510 3599 563 3650 fab.
604 3619 651 3664 ne,
671 3600 741 3672 apud
758 3598 822 3652 ulios
839 3601 921 3652 rarius
938 3613 1103 3666 oecurrente,

63 3693 142 3744 praee.
156 3694 193 3726 vs.
211 3693 249 3728 xi.
264 3706 301 3715 -
310 3680 409 3748 pontit,
427 3681 563 3749 apposuit,
604 3679 681 3745 dixit,
699 3683 861 3751 nimportare
873 3679 1051 3748 egritudines,
1062 3698 1105 3730 ca·

62 3753 163 3806 seilicet
181 3755 288 3808 catulos.
309 3759 456 3828 Usurpatur
469 3757 501 3810 de
514 3759 562 3810 da-
603 3758 760 3824 lamitatem,
770 3760 848 3825 mala,
859 3759 1056 3823 sollicitudines,
1066 3760 1104 3810 iu·

63 3833 151 3905 pilius.
164 3835 205 3886 Sic
218 3836 261 3887 lib.
273 3838 306 3900 V,
316 3837 369 3888 fab.
382 3839 424 3902 lV,
436 3838 466 3899 33
479 3837 524 3890 lib.
537 3841 561 3905 l,
602 3838 782 3903 commodum,
793 3863 803 3885 a
814 3853 864 3890 etc.
875 3839 915 3889 Cf.
927 3837 995 3890 Gud.
1004 3850 1030 3888 et
1039 3837 1104 3888 Ges-

62 3913 117 3966 falr.
135 3914 229 3979 XXVl,
244 3916 275 3980 5,
290 3916 320 3967 8:
339 3934 445 3968 uestram
460 3931 489 3968 ut
504 3937 561 3969 car·
602 3937 656 3970 ner.
670 3922 695 3970 in
709 3918 787 3970 Thes.
803 3919 831 3971 L.
848 3920 876 3970 L.

61 4004 191 4062 perenn»
213 4005 242 4041 ut
262 4012 307 4043 eos
322 3994 496 4047 comederent.
518 4000 562 4048 Est
639 4016 663 4067 7.
683 4008 737 4049 tutu
754 4000 809 4067 ipso
826 3996 890 4049 loeo.
912 3992 1101 4048 Graecufabula

61 4070 172 4122 verbum
184 4088 285 4140 corpere
296 4077 432 4143 proprium
446 4075 562 4128 animali·
602 4074 696 4128 habet:
713 4075 745 4133 ἐφ’
758 4073 848 4139 ὑψηλοῦ
861 4072 951 4140 δένδρον
965 4070 1005 4123 eii
1020 4072 1102 4121 κιλίιι

62 4152 128 4208 lius,
140 4166 196 4217 quie
205 4166 353 4218 paterentur.
368 4154 423 4204 Cic.
437 4152 470 4205 de
482 4155 505 4204 N
509 4193 514 4204 .
530 4157 563 4206 Ι).
604 4152 719 4220 iniectu.
730 4182 765 4192 -
777 4155 915 4206 Contemrit
927 4151 988 4214 iila,
1003 4148 1102 4201 scilieet

61 4231 101 4286 ΙΙ,
114 4223 163 4292 Ι7τ
182 4226 253 4280 «alia
265 4230 385 4284 ammaliu
394 4245 503 4302 sugunt,
514 4231 564 4287 ulio
603 4250 695 4305 preces
709 4229 802 4303 sulpit.
