2820 5018
181 502 244 565 ,ιιι
508 484 775 553 exerimus
798 487 900 550 vnr

180 666 202 702 s.
218 641 281 700 fere
300 636 354 695 dat
372 651 477 715 poenas
495 630 579 708 turpi
599 628 795 709 poenitentia3
807 653 820 680 ιι
841 641 878 686 ut
891 630 964 711 fere
988 629 1030 686 sit
1052 627 1234 712 plerumque.

180 748 243 810 quo
258 744 345 784 sensu
359 720 489 780 occurrit
503 715 586 796 apud
600 715 668 773 Ter.
684 713 808 773 Phorm.
824 713 867 788 ll,
884 735 942 786 ιιι,
966 715 1023 787 16,
1041 741 1056 769 ιι
1066 717 1133 775 ruri
1147 716 1202 778 iere
1212 740 1236 777 se

182 813 366 878 continebat.
377 834 391 863 ιι
407 805 498 866 Conf.
517 803 640 863 Desbill.
660 804 697 863 ad
717 801 748 862 h.
766 803 785 861 l.
805 805 913 884 Neque
932 818 1052 864 tamen
1071 805 1161 865 lectio
1176 813 1236 887 tupi

181 900 349 987 poerritcntia
362 906 458 977 potest
468 892 604 964 admitti,
616 893 763 971 quianon
775 906 818 950 est
830 906 924 972 turpe
933 893 1179 952 commissorum
1188 915 1234 976 pn·

185 987 345 1049 nitentium
360 1001 457 1061 agere.
475 977 594 1039 Gudius
608 978 732 1057 quidem
751 979 978 1059 poenitentiam
995 979 1062 1037 dici
1074 993 1180 1061 turpem
1194 1003 1236 1062 pu·

185 1088 245 1145 tat,
263 1073 338 1153 quia
356 1068 542 1148 decipiatur,
559 1065 614 1145 qui
635 1065 733 1124 verbis
750 1064 891 1124 subdolis
910 1063 1085 1141 laudetur,
1103 1068 1151 1128 sed
1165 1068 1235 1127 male.

185 1164 264 1221 Nam
280 1158 334 1238 qui
354 1154 520 1235 decipitur,
541 1174 646 1235 poenas
661 1151 715 1212 dat
728 1167 845 1234 turpes,
865 1173 937 1211 non
955 1156 1174 1236 poenitentiam
1186 1157 1235 1234 agit

186 1264 318 1329 turpem.
330 1246 368 1304 lu
379 1242 455 1303 Cod.
467 1245 553 1301 Voss.
566 1243 713 1323 scriptum
723 1255 802 1314 erat,
812 1255 890 1300 teste
902 1243 1064 1316 Heinsio,
1079 1270 1095 1300 ιι
1105 1264 1165 1304 sera
1172 1243 1233 1301 dant

187 1358 308 1421 poenas,
318 1349 422 1416 turpes
432 1333 632 1414 poenitentias.
642 1357 655 1385 ιι
668 1331 724 1391 Sed
734 1331 906 1391 Cod.Voss.
918 1353 995 1392 non
1006 1335 1092 1393 alius
1102 1352 1232 1414 est,qu2n

187 1427 264 1488 Cod.
282 1424 419 1485 Danielis
435 1421 513 1499 (vid.
531 1442 622 1503 supra
639 1421 677 1480 de
689 1420 786 1480 Codd.
799 1421 884 1480 MSS.
899 1434 935 1479 ιιο
955 1423 1013 1498 3),
1030 1424 1064 1482 in
1083 1420 1232 1505 quopaullo

188 1531 258 1576 aute
274 1513 336 1573 dixi
353 1512 426 1593 legi,
441 1535 455 1565 ιι
466 1532 530 1570 sera
543 1509 619 1569 dant
633 1530 737 1591 poenas
753 1510 869 1590 turpeis
887 1511 1099 1590 poenitentia.
1110 1538 1123 1563 ιι
1134 1510 1234 1569 Videtur

189 1607 284 1687 igitur
292 1603 395 1676 lectis,
409 1627 423 1654 ιι
434 1622 506 1660 sene
519 1602 596 1659 dunt
605 1621 712 1681 poenas
723 1612 745 1658 t.
756 1599 970 1680 poenitentiae,
981 1627 998 1656 ιι
1013 1622 1107 1661 essea
1119 1621 1201 1660 manu
1209 1619 1236 1656 se

190 1693 308 1763 cunda,
318 1712 416 1772 quum
426 1692 491 1749 sine
500 1689 597 1748 dubio
608 1710 626 1746 a
639 1710 734 1747 manu
747 1689 847 1769 prima
864 1690 904 1746 sit
914 1689 1033 1763 lectio,
1048 1712 1144 1772 quam
1155 1687 1236 1772 paullo

191 1798 264 1845 ante
278 1781 400 1864 protuli.
414 1781 547 1838 Diversa¹
561 1779 644 1838 enim
657 1780 749 1836 unius
760 1776 969 1858 ejusdemque
983 1780 1110 1839 Codicis
1122 1780 1237 1838 lectiones

192 1872 344 1955 probant,
357 1868 504 1928 Codicem
515 1865 654 1925 Danielis
669 1886 720 1924 seu
733 1866 819 1923 Voss.
835 1865 991 1945 pluribus
1005 1868 1040 1925 in
1054 1866 1129 1926 locis
1140 1887 1156 1924 a
1167 1867 1237 1945 scrip

193 1978 260 2022 tore
276 1959 367 2020 fuisse
383 1962 565 2017 correctum.
579 1955 627 2013 Cf.
647 1952 810 2014 Sclriraclrii
827 1953 915 2012 Clav.
940 1956 979 2014 P.
997 1957 1028 2029 l,
1047 1979 1078 2037 p.
1094 1960 1140 2016 88.
1159 1955 1237 2012 isera

193 2050 224 2110 d.
238 2073 267 2132 p.
281 2063 302 2107 t.
316 2046 508 2129 poenitentiae
519 2069 532 2099 ιι
545 2057 722 2124 receperunt
732 2042 963 2120 lloogstratan.
976 2045 1138 2102 Santoroc.
1149 2044 1236 2102 fuum

194 2145 365 2202 Burmann.
379 2134 528 2194 lluchner.
543 2148 572 2193 et
587 2146 689 2192 tuetur
700 2130 780 2190 hanc
792 2130 966 2190 lectionem
979 2132 1020 2192 cl.
1035 2137 1134 2214 Lostqe
1144 2135 1172 2192 in
1183 2133 1236 2189 Pro

195 2228 274 2308 legg.
294 2224 332 2284 ad
352 2222 433 2283 Edit.
452 2219 573 2279 Phaedri
591 2242 619 2301 p.
639 2240 689 2292 ιιι,
705 2239 774 2299 quae
787 2231 893 2276 tamen
909 2218 1060 2302 displicet
1080 2221 1202 2281 Bentleio
1217 2231 1236 2275 et

197 2312 397 2390 lleusingero.
417 2309 474 2367 llic
488 2308 590 2366 enim:
613 2332 627 2361 ιι
638 2306 687 2380 ld,
702 2307 808 2384 inquit,
829 2303 1008 2366 Phaedrum
1028 2310 1183 2391 scripsisse,
1195 2323 1237 2363 ne·

196 2422 249 2463 mo
271 2398 348 2459 milri
366 2395 567 2478 persuadebit.
591 2396 659 2453 Seio
678 2393 835 2474 equidem,
855 2415 965 2474 poenas
983 2396 1056 2456 ‹10oe
1072 2397 1235 2478 penitentie,

196 2493 305 2551 Latine
316 2507 401 2569 posse
414 2485 473 2544 dici
487 2509 493 2543 :
509 2484 591 2542 aliud
606 2505 678 2542 vero
692 2481 737 2543 his
749 2483 862 2557 verbis,
879 2499 983 2566 atque
997 2502 1088 2569 poeta
1100 2484 1196 2556 voluit,
1207 2481 1236 2539 si·

196 2578 351 2660 gnificuri,
366 2594 431 2631 non
443 2574 547 2634 minus
560 2572 707 2652 intelligo.
718 2574 810 2645 Nam,
824 2573 878 2653 qui
890 2596 1004 2653 proerrns
1015 2574 1229 2655 datpcrm'tentrir.

198 2687 264 2727 non
276 2683 411 2722 errorem
424 2681 513 2718 suum
525 2660 581 2719 luit
592 2663 787 2741 poenitentia,
799 2682 864 2719 non
877 2665 1063 2742 poenitendo
1074 2657 1230 2743 poenasdat,

197 2755 246 2816 sed
262 2774 384 2835 poenum
400 2751 500 2831 potius
512 2751 606 2824 subit,
617 2772 710 2830 quum
726 2753 908 2832 proenitentia
922 2757 1045 2814 meruit
1054 2780 1061 2814 ·.
1070 2752 1111 2810 sel
1122 2771 1178 2808 nou
1190 2746 1232 2812 lit,

197 2846 274 2906 dum
290 2843 433 2925 punitur,
451 2844 616 2920 poenitens,
634 2843 684 2901 sed
700 2842 785 2921 quod
799 2841 859 2900 fuit
874 2847 1054 2923 poenitens,
1068 2843 1194 2925 punitur:
1207 2854 1234 2894 ut

199 2934 264 3007 ille,
279 2932 332 3012 qui
348 2929 522 2989 crudelitatis
537 2951 637 3010 perias
653 2930 717 3002 dat,
732 2950 795 2988 non
811 2928 845 2987 ftt
861 2931 1019 3004 crudelis,
1036 2931 1088 2991 sed
1104 2930 1169 3010 quia
1185 2945 1233 2985 mt-

199 3023 272 3083 delis
292 3020 365 3092 fuit,
384 3018 522 3097 punitur.
541 3019 643 3092 Quare
658 3039 722 3075 uon
741 3019 826 3098 potui
843 3038 911 3076 uon
926 3019 1067 3080 alteram
1084 3020 1232 3078 lectionuu.

199 3134 294 3195 quam
311 3125 340 3168 et
357 3109 420 3189 ipse
440 3109 635 3164 llurmanuus
655 3107 806 3187 pnrbarit,
827 3107 980 3188 recipere,
1004 3125 1034 3168 et
1054 3109 1102 3168 vel
1121 3103 1234 3166 Bentleie

201 3222 289 3271 nam,
303 3218 337 3255 ac
350 3194 558 3253 Nevelitanam
573 3194 687 3274 potius,
701 3215 794 3274 quam
808 3193 858 3252 ille
872 3195 970 3275 plane
984 3197 1099 3279 rejicit,
1115 3196 1234 3277 potiorem

200 3288 293 3366 longe
307 3299 423 3367 putare.
435 3308 448 3335 ιι
464 3285 601 3341 Fortasse
616 3295 718 3340 tamen
737 3281 825 3340 lectio
840 3304 909 3340 serre
924 3288 1111 3363 poeniteutioe
1124 3282 1186 3342 terri
1196 3297 1235 3359 pu

200 3390 272 3447 test,
285 3375 308 3432 si
323 3376 364 3431 ita
376 3372 555 3454 explicetur,
567 3384 675 3430 utnon
686 3372 722 3429 sit
735 3392 827 3452 poena
838 3370 880 3431 ob
890 3375 1132 3453 poenitentiam,
1141 3370 1237 3450 sedpe*

201 3485 256 3536 na,
275 3482 344 3542 quse
359 3461 497 3519 consistit
515 3463 547 3518 in
567 3481 631 3519 sera
652 3460 845 3541 poenitentia,
864 3462 1141 3541 quemadmodum
1157 3459 1237 3518 dicunt

200 3571 286 3632 pierre
299 3550 410 3627 capitis.
426 3547 577 3606 Bentleius
591 3548 676 3628 legit,
694 3574 707 3601 ιι
718 3547 779 3607 fere
794 3547 869 3605 dant
885 3568 999 3629 poenas
1012 3553 1103 3634 turpi
1117 3549 1237 3634 poeoiten-

202 3641 258 3703 tia:
270 3663 284 3692 ιι
301 3636 478 3707 Salmasius,
496 3662 509 3689 ιι
520 3658 585 3695 sero
599 3638 674 3696 dunt
691 3659 797 3720 peenas
812 3638 895 3718 turpi
913 3642 1148 3720 poenitentia,n
1162 3637 1240 3698 relse·

203 3748 245 3800 re,
259 3745 316 3807 pro
328 3745 404 3794 sero;
415 3722 663 3803 Cuninghamus3
678 3752 691 3780 ιι
702 3726 799 3786 verbis
811 3726 925 3807 gaudet
935 3729 1099 3806 subdolis,
1111 3732 1176 3791 Sera
1185 3726 1240 3804 dp

202 3832 327 3898 torpens
338 3813 532 3895 poenitentia,
544 3839 557 3868 ιι
577 3814 758 3877 balleniant.
775 3843 788 3870 ιι
798 3817 913 3897 gaudet
923 3840 952 3876 v.
966 3841 989 3878 s.
1004 3821 1080 3880 Sera
1093 3822 1146 3881 dat
1159 3835 1241 3902 poe¹1²⁵

202 3920 305 3988 turpes
322 3903 510 3984 poeuiteutia.
523 3929 536 3956 ιι
554 3905 657 3963 Lectio
671 3929 688 3964 a
704 3928 752 3966 me
767 3920 901 3987 recepta,
915 3928 989 3987 quae
1002 3924 1121 3990 praeter
1135 3907 1244 3968 lleusiu·

203 4014 310 4079 gemm
327 3996 418 4052 etiam
435 3991 533 4073 placet
550 3993 586 4053 cl.
601 3994 802 4069 TzsclmclsiO,
821 3994 967 4056 firmatur
986 4001 1168 4059 auctoritate
1183 3991 1244 4054 eod.

203 4082 350 4144 Danielis.
362 4084 491 4140 Versum
503 4097 605 4141 autem
625 4105 633 4140 r
647 4129 655 4157 ,
673 4083 705 4143 in
719 4081 831 4163 plurali
847 4104 910 4143 esse
922 4082 1139 4161 efferendum,
1152 4084 1245 4143 docent

204 4193 299 4254 quum
316 4170 465 4229 Romulus
478 4172 672 4232 Divioneusis
687 4172 759 4250 (lib.
772 4173 800 4245 l,
812 4171 876 4230 fab.
889 4173 994 4252 XIV),
1011 4188 1087 4234 tum
1099 4171 1244 4235 Utinensis.

204 4278 270 4321 tum
285 4264 466 4342 Anonymus
479 4261 539 4320 Nil.
558 4264 589 4320 in
607 4262 718 4343 quibus
732 4262 876 4322 omnibus
892 4263 949 4322 iste
963 4284 1073 4325 versus
1088 4267 1130 4325 sic
1142 4260 1245 4326 exhibe
