2820 5018
378 486 390 494 ··
491 450 581 514 LIB.
606 449 636 525 l,
661 450 755 512 Fan.
779 450 892 513 XXX.

174 590 238 657 sed
252 592 364 680 pulsus
376 613 478 678 regno
489 591 633 655 nemoris
646 591 702 677 qni
716 589 911 676 profugerit,

176 698 308 763 Paludis
321 702 353 763 in
367 715 490 763 secreta
502 699 613 762 veniet
623 696 772 775 latibula,

178 810 221 871 Et
234 809 435 895 proculcatas
448 805 577 870 obteret
590 804 673 869 duro
687 804 791 892 pede:
1189 839 1219 874 ro

176 914 284 1001 Caput
296 916 339 978 ita
351 912 392 976 ad
405 928 554 977 nostrum
566 910 658 975 furor
671 909 801 972 illorum
813 911 966 996 pertinet.

180 1093 294 1146 sepomta.
304 1083 357 1129 vid.
373 1086 466 1129 Earum.
479 1083 540 1127 Xlll.
552 1106 584 1117 -
599 1095 633 1126 ιι.
647 1079 740 1126 ΙΙευιΙοί.
757 1091 780 1125 et
795 1081 877 1125 ilarius
894 1080 990 1141 legunt:
1004 1084 1035 1125 ita
1048 1092 1116 1145 caput
1128 1086 1160 1130 ad
1171 1101 1223 1133 m.

183 1161 243 1199 trum
251 1153 322 1215 furor
334 1152 423 1200 illomm
436 1155 544 1216 pertinet,
558 1153 660 1197 numeria
673 1149 818 1206 melioribus,
832 1162 858 1195 ut
870 1162 963 1213 putant,
980 1151 1021 1196 ted
1032 1151 1078 1199 vid.
1092 1156 1170 1200 llum.

187 1326 199 1348 ι
210 1301 293 1354 redire
303 1321 414 1354 moerens
421 1302 501 1372 roepit
508 1302 541 1352 ad
548 1300 686 1372 propriam
726 1299 817 1351 lrarten
828 1301 878 1352 tta
887 1301 1043 1353 zermalmen
1054 1300 1100 1353 all.
1114 1304 1177 1355 Hor.
1188 1305 1225 1370 ll,

184 1401 277 1452 genus.
289 1405 299 1426 ι
313 1381 370 1431 Lib.
382 1382 392 1430 Ι
403 1399 463 1431 vero
474 1378 526 1430 tab.
538 1381 574 1444 ll,
588 1381 634 1445 15,
642 1398 688 1450 pa·
726 1378 778 1430 Sat.
797 1379 844 1443 ΙΙΙ,
861 1379 928 1442 313,
949 1378 1003 1431 baec
1024 1382 1059 1430 ita
1081 1385 1226 1452 expressit:

187 1462 277 1514 vidum
285 1480 379 1532 persus,
393 1459 425 1511 de
438 1461 514 1510 ranis.
731 1476 819 1507 «rame
834 1456 910 1527 pullis
924 1457 997 1508 vituli
1011 1458 1077 1528 pede
1094 1465 1202 1531 pressis;
1213 1486 1224 1508 n

224 1540 248 1591 8,
262 1558 339 1612 repno
352 1538 468 1589 aeroon's.
482 1539 520 1588 lta
530 1537 642 1610 amenti
651 1554 688 1586 re-
729 1550 754 1588 at
764 1537 866 1587 Lueret.
877 1535 921 1587 lib.
933 1541 958 1602 I,
972 1540 1020 1590 80:
1037 1537 1167 1611 «ttetttgio
1180 1562 1229 1613 pe-

186 1640 230 1695 pes
239 1619 303 1669 dixit
318 1618 413 1668 Statius
426 1615 509 1668 Theb.
522 1615 566 1666 lib.
581 1617 629 1680 XI,
643 1615 690 1679 28,
730 1615 806 1667 dibus
816 1615 932 1685 subjecta
942 1617 1053 1667 virissim
1065 1617 1205 1686 obteritur,
1215 1643 1226 1665 n

190 1702 236 1772 qui
248 1697 323 1749 locus
334 1695 444 1747 ‹lebetur
454 1698 609 1747 Burmanno.
624 1697 690 1745 l’rae·
731 1694 776 1746 ubi
784 1694 1150 1766 Havercampuslaudatbunc
1160 1699 1230 1750 Pboe·

189 1793 261 1830 terea
272 1777 379 1827 laudant
395 1776 548 1845 Interpretes
558 1775 627 1843 Virg.
643 1772 690 1823 Ge.
731 1775 771 1826 dri
784 1775 882 1826 locum.

192 1860 241 1923 III,
254 1859 318 1909 228:
337 1881 348 1902 ι
358 1856 443 1925 regnis
458 1856 566 1905 excessit
581 1853 668 1915 avitis,
678 1873 689 1895 ἱ
771 1872 809 1906 11,
826 1855 870 1905 ita,
884 1855 923 1905 De
937 1854 1048 1926 eleganti
1060 1855 1138 1926 hujus
1151 1861 1232 1928 parti.

192 1940 224 1989 de
239 1952 315 1989 tauro
330 1937 412 1996 victo;
431 1936 486 1985 AEn.
505 1933 549 1983 lib.
565 1932 625 1996 Xll,
641 1927 692 2000 7¹8
733 1934 796 1985 culae
813 1952 876 1997 usu,
892 1953 956 2004 pro,
976 1934 1025 1986 bac
1045 1938 1158 2001 ratione,
1179 1935 1232 1989 boo

193 2038 233 2089 sq.
248 2041 258 2064 a
269 2028 436 2085 mussantque
443 2016 569 2084 juvenca,
576 2011 642 2076 Quis
649 2028 694 2060 ne-
733 2013 828 2080 modo,
838 2013 887 2064 hac
897 2013 1061 2080 conditione,
1072 2013 1123 2065 boo
1131 2028 1234 2086 tempo·

192 2099 260 2149 mori
270 2096 414 2166 imperitet,
425 2112 502 2165 quem
512 2105 567 2142 tota
578 2102 693 2141 armenta
732 2113 773 2157 re,
788 2092 839 2144 vid.
854 2095 955 2145 Ernesti
971 2094 1045 2159 libet.
1060 2114 1086 2165 p.
1107 2094 1162 2161 148.
1184 2096 1233 2146 Re-

195 2190 374 2248 aequantur,·
400 2188 428 2225 ut
452 2187 553 2225 taceam
574 2169 607 2221 de
628 2167 691 2220 aliis·
734 2176 906 2245 spiritantem
917 2172 1231 2245 adinterrogationemvs.

194 2261 325 2329 Compara
336 2258 414 2307 etiam
424 2252 481 2305 loca
495 2269 574 2323 supra
587 2249 619 2301 ad
629 2268 665 2300 vs.
678 2262 696 2298 2·
733 2254 749 2319 4
761 2272 816 2325 sqq.
828 2271 908 2325 quare
918 2265 942 2304 et
955 2253 1088 2324 quomodo
1101 2255 1164 2324 ipsis
1176 2268 1234 2305 tan·

193 2343 272 2392 citata
283 2350 307 2388 et
319 2335 372 2387 tab.
384 2333 482 2394 XXXI,
495 2350 509 2401 7
520 2349 577 2403 sqq.
733 2347 789 2385 turn
797 2331 894 2384 malum
903 2336 983 2404 possit
992 2335 1136 2394 imminere,
1144 2346 1171 2383 ut
1175 2335 1232 2402 jam

231 2439 256 2489 9.
273 2429 366 2471 secreta
384 2411 504 2465 latibula.
523 2408 631 2461 Sattler:
652 2406 694 2457 des
733 2411 858 2463 scheller.
867 2413 1016 2463 notavit—
1021 2413 1139 2483 pertinet.
1149 2413 1233 2481 Hujus

193 2498 314 2569 Sumpfes
324 2492 435 2545 Wmlrel·
446 2488 585 2542 Abundare
593 2487 694 2538 Videtur
733 2490 805 2542 verbi
817 2489 985 2560 elegantiam,
998 2510 1060 2562 pro,
1070 2510 1102 2542 eo
1112 2510 1195 2562 nsque
1204 2509 1233 2543 se

194 2588 300 2641 secreta,
322 2580 338 2627 i.
362 2593 384 2625 e.
404 2572 547 2641 disjuncta,
569 2567 692 2620 solitaria.
735 2571 1000 2640 porriginpertingit,
1015 2583 1084 2621 recte
1096 2570 1237 2623 observant

193 2661 264 2710 lneat
282 2658 350 2707 enim
368 2655 395 2703 in
410 2650 445 2717 rai
461 2646 584 2712 latibula,
599 2648 652 2698 lere
667 2658 695 2696 ut
736 2648 831 2700 scheft.
843 2662 868 2699 et
878 2651 963 2700 Burm.
972 2668 1066 2721 nempe
1076 2652 1137 2721 quia
1147 2650 1232 2702 sermo

194 2736 296 2810 liquida
305 2732 407 2787 sorbitio
417 2730 461 2780 lib.
472 2731 482 2779 Ι
489 2768 497 2795 ,
508 2727 561 2779 tab.
573 2726 670 2783 XXVI,
680 2724 695 2789 4
736 2739 774 2778 est
786 2726 819 2777 de
831 2729 916 2797 capite
926 2740 952 2777 et
962 2730 1112 2794 antecessit,
1125 2752 1135 2776 ι
1146 2728 1234 2799 longe·

195 2834 234 2887 sq.
255 2812 304 2866 sed
321 2811 372 2862 vid.
390 2811 421 2857 V.
441 2809 469 2858 L.
489 2806 523 2858 ad
539 2805 583 2855 lib.
602 2806 626 2869 l,
642 2801 694 2854 tab.
737 2825 787 2877 que
798 2804 889 2857 abillis
900 2806 1031 2875 degerent.
1042 2830 1053 2852 ι
1068 2809 1136 2877 Apte
1146 2810 1233 2858 Burm.

195 2893 298 2954 XXIX,
318 2890 343 2939 3-
361 2886 428 2937 Clar.
447 2881 590 2935 Tnehuck.
609 2896 697 2931 lmen
738 2887 813 2936 affert
823 2885 911 2936 locum
920 2887 974 2936 ΙΙ).
988 2885 1031 2935 lib.
1046 2888 1069 2949 Ι,
1079 2905 1102 2935 c.
1118 2902 1161 2938 to:
1181 2884 1237 2937 :Id

198 2969 254 3022 vult
261 3006 269 3031 ,
276 2979 382 3037 poetam
389 2962 521 3013 intendere
530 2957 643 3011 votuisse
653 2977 698 3008 no-
738 2981 804 3034 qnos
814 2966 870 3031 ejus
878 2965 977 3032 injuria.
989 2983 1048 3032 pars
1058 2964 1212 3033 pertinebat.
1223 2984 1234 3009 ι

194 3054 306 3104 tionem.
319 3040 437 3095 latibula
446 3041 478 3092 de
491 3043 551 3092 feris
561 3051 586 3088 et
596 3037 697 3102 bestilo,
738 3043 846 3111 Proprio
861 3059 937 3092 sensu
949 3040 1043 3109 legitur
1055 3039 1124 3111 apud
1139 3042 1192 3092 Cic.
1203 3043 1237 3092 N.

197 3121 514 3190 uttib.tl,tab.v1u,1.
739 3121 771 3170 D.
788 3120 823 3183 ΙΙ,
838 3118 886 3171 55:
905 3135 995 3168 trena
1010 3120 1036 3168 in
1051 3132 1238 3189 omnespartea

239 3227 278 3261 ιο.
289 3207 388 3257 ornate
398 3214 423 3252 et
432 3196 566 3269 graphice,
575 3213 634 3265 pro,
642 3212 700 3264 pro·
740 3198 857 3266 corporis
867 3199 1003 3266 pertinent.
1016 3220 1026 3241 ι
1039 3197 1080 3248 Sic
1091 3197 1152 3248 alibi
1162 3217 1238 3268 sape.

198 3286 315 3341 calcabit
332 3300 381 3334 nos
392 3298 476 3331 ranas.
492 3279 537 3329 Est
552 3273 638 3325 lucida
654 3272 700 3324 tle·
739 3306 771 3316 -
782 3278 863 3346 Caput
870 3294 918 3345 pro
927 3276 977 3325 vita
986 3275 1108 3327 etsalute.
1116 3277 1158 3328 sic
1166 3276 1239 3344 lib.l,

200 3369 308 3438 scriptio
319 3358 431 3434 periculi
443 3378 473 3411 ex
483 3376 510 3409 re
520 3355 598 3407 docta
608 3353 660 3421 (vs.
674 3352 701 3422 ι)
741 3353 795 3406 fab.
809 3354 876 3420 XIV,
889 3354 934 3419 15,
944 3366 969 3405 et
979 3353 1022 3405 lib.
1035 3356 1081 3418 ΙΙΙ,
1092 3355 1144 3407 tab.
1155 3359 1204 3423 ΙΙΙ,
1214 3376 1239 3428 7.

201 3470 255 3522 quo
268 3462 293 3500 01
307 3446 418 3517 pertinet
427 3440 506 3512 furor
514 3455 551 3489 vs.
562 3454 600 3507 sq.
611 3431 699 3485 Tascb.
742 3434 854 3485 Sensus:
872 3451 887 3484 a
900 3452 989 3504 pugna
1005 3448 1140 3487 taurorum
1153 3451 1242 3490 nortra

201 3528 241 3583 Cl.
255 3527 316 3580 Gai!
327 3527 354 3576 in
363 3519 471 3592 singulis
480 3518 564 3570 verbis
572 3515 641 3567 ridet
652 3512 704 3565 ele-
742 3513 839 3586 pentlet
848 3515 907 3565 vita.
920 3511 957 3564 Cl.
970 3513 1093 3567 Jordens:
1104 3533 1131 3567 so
1140 3516 1192 3588 pitt
1200 3516 1242 3568 al·

200 3608 328 3681 gantiam!
349 3604 431 3671 Lege,
449 3598 544 3660 lector,
560 3608 585 3645 et
598 3592 700 3663 judica!
743 3593 855 3665 lerdinps
863 3593 918 3644 ilre
928 3592 1006 3645 Wurt
1020 3612 1118 3645 ensem
1130 3595 1222 3648 Iaeben.

201 3689 365 3739 Burmannus
378 3677 468 3731 laudat
482 3672 568 3729 Ovidii
581 3673 643 3723 Met.
656 3669 701 3721 lib.
778 3676 850 3725 Hanc
865 3672 980 3725 fabulam
992 3694 1076 3746 neque
1089 3677 1241 3747 Anonymus

203 3764 344 3835 xl1‚374.
358 3756 635 3832 apedibuequevirum
644 3771 703 3823 pro·
742 3752 862 3819 Nilantii,
886 3774 971 3827 neque
990 3754 1116 3806 Romulus
1134 3754 1240 3805 babent.

202 3845 291 3899 calcat
300 3843 410 3915 equinis.
421 3863 431 3884 ι
444 3836 502 3889 vid.
515 3834 549 3887 ad
558 3834 601 3886 lib.
612 3836 638 3899 l,
648 3832 700 3883 fab.
742 3833 871 3905 Compara
880 3833 972 3886 Gleim.
981 3832 1035 3885 tab.
1044 3835 1123 3895 tvm
1131 3834 1241 3884 Fontan.

204 3925 297 3990 XXIV,
320 3940 357 3974 ro.
378 3919 415 3972 (ΣΙ.
436 3917 551 3971 Sattler:
573 3916 639 3968 wird
655 3914 705 3966 mit
742 3912 896 3979 lib.lI,fab.
907 3915 950 3965 IV.
