2820 5018
135 432 197 497 508
473 422 739 489 EXCURSUS
763 424 838 490 Vll

130 590 198 635 vata
212 576 245 633 in
256 571 335 632 libre
345 570 477 650 eleganti
488 583 517 628 et
529 569 663 643 erudito,
675 571 729 649 qui
742 571 941 631 inscribitur:
955 570 1131 633 chantem
1141 573 1182 634 der

132 659 332 721 eorrwlrmsten
345 655 463 717 Dichter
474 655 549 715 aller
560 660 719 717 Natieuen.
732 661 819 718 Toni.
831 660 870 731 V,
883 660 1006 719 Partic.
1022 681 1062 734 rr,
1077 683 1106 742 p.
1123 662 1181 737 2⁸l·

135 776 149 803 ιι
160 750 246 808 Diese
256 744 360 820 rabel,
374 743 486 803 welche
499 743 556 804 auf
566 747 616 804 ein
627 746 790 829 Wortspiel
804 747 1027 823 hinausl'auft,
1044 751 1082 807 ist
1097 750 1181 809 wahr-

133 834 360 895 seheinliclraus
367 833 450 892 einer
456 833 681 916 Vergleichung
689 836 883 894 entstanden.
893 837 977 894 Man
989 837 1182 896 mussteleicht

133 925 247 985 darauf
253 922 362 995 fallen,
372 923 439 981 eine
451 923 695 983 ausdrucksvolle
706 923 896 984 tenschende
908 925 1052 995 Gestalt,
1064 927 1121 987 den
1130 940 1182 987 tiu

135 1012 286 1074 schenden
296 1009 404 1071 Schein
417 1011 470 1071 der
482 1011 642 1092 lllugheit,
651 1012 794 1072 Weisheit
805 1014 871 1072 und
885 1013 1079 1089 Schfinheit,
1092 1019 1182 1076 mitei·

135 1123 189 1161 ner
200 1100 304 1160 Maske
315 1122 352 1159 zu
364 1099 568 1181 vergleichen,
579 1103 637 1161 wie
646 1101 696 1162 die
707 1101 920 1185 Sclrauspieler
931 1105 1082 1164 vonoder
1089 1106 1183 1187 cigent-

134 1190 195 1250 lich
205 1187 405 1249 umnahmen.
419 1191 497 1250 Eine
508 1190 608 1250 solehe
618 1191 843 1272 Vergleichung
852 1193 1076 1253 verwandelte
1086 1216 1144 1254 men
1154 1195 1177 1252 in

135 1280 188 1339 der
201 1277 291 1360 Folge
308 1279 339 1337 in
355 1280 424 1339 eine
439 1279 611 1361 AEsopische
626 1281 733 1355 Fabel,
746 1301 793 1340 wo
810 1302 890 1340 man
907 1281 961 1341 die
982 1284 1176 1366 Hauptpenen

136 1368 203 1428 aufs
214 1367 422 1448 gerathewohl
434 1368 555 1428 w'ehlte.
567 1371 656 1428 Denn
667 1371 722 1429 wie
735 1369 806 1428 kam
818 1369 877 1428 der
887 1369 997 1430 Fuchs
1011 1372 1044 1430 in
1057 1371 1176 1431 dasllaus

135 1456 187 1515 des
196 1454 509 1537 Sehauspielers?Was
518 1456 578 1515 lon
583 1469 634 1515 nte
643 1455 696 1514 ihu
707 1454 903 1515 vernulassen
911 1501 920 1530 ,
928 1456 985 1515 die
992 1456 1180 1517 Gerethschn·

137 1557 188 1602 ten
207 1541 359 1603 desselben
374 1564 412 1601 zu
430 1541 661 1603 durchsuchen?
672 1543 737 1601 Wie
753 1542 879 1601 kirmmt
898 1563 934 1602 er
952 1543 1083 1604 endlich
1099 1568 1133 1604 zu
1145 1545 1183 1604 der

138 1630 347 1711 Bemerkung,
358 1629 471 1690 welche
480 1630 529 1689 die
541 1631 648 1690 Pointe
657 1628 778 1688 macht?
786 1627 943 1689 Phaedrus
957 1634 999 1690 ist
1009 1633 1109 1711 einem
1116 1631 1186 1691 Thei-

139 1715 167 1776 le
185 1717 279 1778 dieser
295 1717 559 1796 Schwierigkeiten
576 1714 795 1795 ausgewichen.
813 1717 858 1773 Er
875 1717 1005 1777 erzahlt
1021 1741 1098 1800 ganz
1113 1719 1187 1778 kun:

140 1809 300 1866 Personam
313 1808 536 1889 tropicamforte
550 1804 641 1885 vulpis
652 1803 778 1862 uiderat:
792 1803 954 1884 Oqtumta
966 1812 1088 1888 species,
1099 1812 1188 1888 inquit,

141 1893 287 1954 cerebrum
301 1917 361 1953 non
373 1893 474 1952 habet!
486 1894 565 1952 Aber
578 1889 656 1950 auch
671 1888 736 1949 hier
749 1890 835 1970 fruge
849 1890 919 1950 ich:
933 1895 1072 1953 Warum
1083 1917 1158 1954 muss
1167 1915 1190 1953 et

141 1981 252 2061 gerarde
262 1980 317 2040 der
325 1977 424 2039 Fuchs
436 2000 524 2059 scyri,
536 1979 590 2038 der
599 1977 679 2036 diere
690 1977 888 2059 Bemerkung
901 1979 1035 2042 macht?
1043 1983 1153 2042 tt'tnue
1159 1983 1191 2041 sie

142 2069 196 2129 das
208 2070 356 2129 mindeste
367 2067 528 2143 verlieren,
538 2088 628 2129 wenn
638 2068 679 2126 sie
690 2068 790 2127 einem
802 2067 982 2130 Menschen
995 2072 1029 2131 in
1039 2071 1099 2133 den
1107 2069 1190 2131 Mund

144 2155 244 2236 gelegt
255 2154 379 2217 worden
392 2154 514 2215 werel»

444 2350 776 2440 EXCURSUS
805 2352 901 2439 Vll

425 2556 476 2605 AD
501 2557 606 2606 LlBlll
631 2558 641 2605 l
666 2556 848 2607 FABULAM
875 2558 927 2607 xl.

190 2731 240 2788 Vs.
253 2730 281 2791 6.
292 2732 319 2788 F
319 2732 444 2810 uqierrtes
454 2733 511 2809 ipse
520 2732 668 2810 exciperet.
680 2735 777 2792 Locus
787 2733 871 2791 varie
881 2737 1035 2796 tentatus!
1044 2737 1099 2796 lis.
1107 2737 1186 2794 Rem.

150 2834 182 2878 ut
191 2822 249 2900 ipse
258 2821 411 2898 exciperem
421 2817 496 2890 (3οά.
507 2816 587 2878 Pith.
599 2823 655 2900 ipse
665 2832 696 2878 ut
704 2823 852 2901 exciperet.
864 2825 897 2880 H
899 2825 928 2882 ic
939 2823 1098 2896 auriculns;
1107 2845 1190 2904 quam

152 2910 212 2967 MS.
221 2906 300 2967 Pith.
310 2906 629 2966 lectionemdederunt
638 2907 749 2981 Nevel.,
760 2907 871 2988 Rigalt.
884 2912 917 2969 in
932 2912 1018 2971 Edit.
1031 2935 1059 2989 2,
1068 2915 1191 2982 Uninus3

152 2998 200 3056 seul
214 3018 281 3078 quie
292 2998 363 3056 viris
374 2997 469 3056 doctis
482 3011 578 3055 nretro
591 2998 720 3055 iambico
735 2997 882 3057 resultare
896 3000 1037 3062 videtur.
1051 3002 1192 3062 lledundn

153 3089 236 3146 enini
252 3100 297 3160 ut,
313 3102 341 3146 et
356 3087 528 3166 longiorem
545 3107 607 3144 una
621 3087 736 3167 syllaba
753 3108 875 3145 versum
890 3088 1001 3150 efficit.
1020 3093 1070 3151 Cf.
1085 3093 1191 3151 Brotier.

153 3179 233 3236 llinc
247 3179 363 3236 Wasius
378 3177 415 3235 de
429 3177 530 3236 Sennr.
546 3198 613 3257 pag.
633 3177 681 3234 151
694 3179 856 3260 ,sepientes
872 3181 932 3259 ipse
948 3195 983 3239 ut
995 3186 1149 3263 exciperet:
1159 3179 1192 3237 liic

153 3267 286 3324 euticiae.
303 3267 435 3340 Gudius,
445 3269 590 3349 stipientes
606 3269 633 3325 vi
650 3269 707 3347 ipse
722 3270 876 3347 exciperet,
894 3269 952 3349 qui
970 3271 1004 3329 in
1018 3267 1194 3331 defendenda

154 3353 211 3412 hae
226 3353 352 3415 lectione
366 3356 477 3437 longus
492 3370 550 3430 est;
570 3356 618 3415 sed
637 3369 723 3414 notat
737 3357 840 3416 Burni.
858 3359 888 3415 vi
902 3379 970 3417 non
989 3359 1195 3420 intrudendum

155 3463 229 3515 esse,
247 3459 368 3525 propter
383 3445 486 3504 locum
504 3448 564 3505 Cic.
580 3447 638 3520 lll,
653 3449 718 3506 Cat.
734 3443 767 3519 li,
781 3459 884 3526 preste
896 3462 969 3508 esset
982 3448 1050 3524 itte,
1068 3453 1152 3531 quiet
1155 3449 1195 3529 stt·

155 3533 262 3612 9ientes
272 3537 421 3614 exciperet.
432 3537 574 3596 Heinsius
584 3558 654 3595 cunr
666 3538 701 3594 V.
713 3536 746 3594 C.
757 3535 877 3595 Daniel.
889 3549 921 3596 ut
930 3554 1024 3619 putat
1037 3538 1193 3599 delendum.

156 3621 314 3679 Grunerus
330 3621 350 3680 l.
366 3645 391 3681 e.
407 3645 435 3704 p.
455 3626 504 3698 13,
519 3625 808 3708 conjicit,su9ientes
820 3628 878 3706 ipse
892 3638 923 3685 ut
935 3633 1085 3711 excipere,
1101 3645 1132 3689 ut
1142 3625 1195 3687 sub·

157 3710 345 3791 intelligatur
354 3726 454 3791 posset.
465 3716 670 3793 lleusingerus
683 3730 760 3775 recte
770 3717 917 3796 opinatur
929 3720 988 3796 (ι),
1001 3718 1064 3780 hoc
1075 3721 1135 3780 dici
1144 3743 1150 3777 :
1160 3714 1199 3774 ael

157 3803 270 3860 monuit
286 3803 415 3874 tisinum,
430 3814 461 3859 ut
475 3805 587 3862 iruueta
600 3826 668 3863 voce
680 3818 708 3864 et
723 3807 755 3863 in
775 3821 888 3864 venatu
906 3827 1080 3890 nunquam
1094 3808 1199 3877 audite,

158 3891 370 3968 terreretfenas,
385 3891 612 3972 quasfuqientes
625 3894 697 3972 ipse,
712 3893 774 3965 le0,
787 3898 937 3973 exciperet.
952 3898 1001 3955 An
1015 3919 1092 3956 vcro
1104 3894 1200 3962 verbe,

157 3998 225 4058 quae
241 3977 367 4051 adsunt,
383 3977 413 4035 id
431 3979 514 4058 quod
531 3993 637 4039 atrctor
652 3982 763 4054 voluit,
781 3982 987 4060 significetur,
1001 3985 1140 4058 dubitat,
1153 3981 1201 4040 mi·

158 4083 317 4150 raturque,
329 4091 384 4127 cur
396 4068 488 4150 plana
501 4070 566 4130 htee
579 4071 676 4131 facere
689 4072 1021 4136 nerrrovolue1·it.Nam
1034 4076 1083 4137 leo
1093 4077 1204 4137 asinum

193 4212 231 4284 (r)
243 4213 302 4265 vid.
315 4212 442 4269 Atldentla
456 4216 495 4285 Ej
509 4216 623 4270 tuitioni
637 4215 737 4268 Plraetlri
750 4216 861 4286 prefixa.
