2820 5018
178 462 240 540 540
510 451 776 518 EXCUBSUS
799 453 890 516 xv1

175 604 264 665 rabat
280 604 443 684 praemium
455 599 555 658 meriti
571 610 601 656 et
617 594 714 655 oflicii
727 593 987 655 extraordinarii.
1002 596 1131 657 Deinde
1141 600 1165 657 si
1178 599 1239 679 quis

176 706 313 773 respectu
333 689 447 749 Tiberii
465 702 495 746 et
514 685 579 765 ejus
599 685 750 745 comitum
772 680 831 741 leve
852 681 930 743 velit
952 704 1092 766 capere,
1110 687 1239 768 peririis

177 781 388 852 adversativa,
404 775 453 835 sed
468 773 619 834 deridetur.
639 775 706 853 lpse
726 784 828 830 autem
849 772 1069 834 Burmannus
1089 773 1191 833 mallet
1205 775 1237 833 le·

176 890 264 949 gere,
283 868 399 927 dorrtino
417 864 547 946 officiium
557 858 718 945 jactitans,
734 874 771 920 ut
786 859 839 919 lib.
858 860 902 919 lll
912 906 923 935 ,
943 861 1013 922 fab.
1035 864 1117 938 Vll,
1137 863 1237 923 domino

175 957 305 1037 officium
322 965 473 1035 prmum,-
496 949 548 1010 sed
568 952 642 1030 quia
666 948 761 1008 modo
784 948 933 1031 praecedit
957 950 1112 1027 domino,
1127 955 1175 1012 vir
1191 974 1234 1011 an·

176 1042 237 1102 det.
256 1043 321 1101 Alia
340 1060 465 1120 quoque
486 1050 599 1111 tentat,
613 1056 683 1116 quae
703 1039 821 1097 omitto.
844 1038 881 1096 ln
900 1036 1069 1099 Editione
1088 1043 1153 1100 Jac.
1171 1042 1233 1100 Gro-

178 1133 261 1192 novii
281 1143 339 1203 est,
357 1148 436 1187 come
456 1127 584 1208 officium
603 1123 739 1205 jactans,
754 1125 839 1206 quod
864 1127 916 1184 vix
941 1125 1135 1204 ferendum,
1151 1130 1232 1190 obser·

178 1235 269 1280 vante
281 1221 473 1289 Burmanno,
491 1235 588 1296 quum
606 1213 760 1293 spondeus
772 1212 898 1274 claudat
913 1236 1052 1276 versum
1069 1220 1226 1278 iambicum

178 1309 321 1368 Heinsius
343 1324 505 1386 perperam
528 1301 653 1382 conjicit
665 1299 785 1383 jactans
802 1324 917 1362 comem
933 1307 1092 1388 offirciam
1115 1323 1149 1368 ut
1163 1306 1222 1389 apud

179 1397 278 1456 Plaut.
295 1395 383 1453 Most.
401 1396 431 1468 l,
456 1413 511 1466 ιιι,
536 1413 601 1472 ιυ7,
619 1391 669 1451 vel
690 1413 770 1451 come
790 1393 923 1466 retinet,
946 1395 1002 1454 sed
1019 1399 1223 1479 transpositam

179 1484 363 1556 locoacome
381 1482 511 1564 officium
521 1475 664 1561 jactitans
680 1481 808 1555 llarius,
823 1481 1021 1560 ostendens,
1046 1500 1131 1546 recte
1145 1500 1171 1545 et
1185 1486 1225 1542 la

178 1573 242 1631 tine
264 1568 327 1630 dici
348 1591 426 1630 more
448 1570 591 1651 officium,
611 1589 667 1627 nec
692 1582 796 1627 tamen
824 1570 1077 1651 recipiendum,
1097 1572 1226 1634 delabitur

179 1660 212 1717 in
237 1660 332 1717 Wasii
357 1660 600 1732 correctionem,
616 1652 735 1736 jactans
757 1655 888 1737 officium
913 1678 1017 1718 comes
1050 1661 1136 1738 (vid.
1154 1662 1228 1718 blasii

178 1749 282 1807 Senar.
300 1769 330 1828 p.
351 1747 441 1824 183),
459 1766 528 1826 quae
545 1747 639 1805 nescit
655 1746 868 1820 Burmannus,
888 1766 1008 1807 annon
1030 1749 1188 1810 absurdior
1199 1751 1229 1806 sit

179 1836 304 1918 reliquis
320 1836 477 1895 omnibus.
495 1837 627 1896 Comites
643 1837 726 1892 enim
744 1833 804 1894 hoc
819 1849 966 1916 tempore
984 1837 1066 1900 dicti
1085 1839 1138 1900 soli
1154 1840 1228 1898 amici

182 1927 342 2006 principis,
353 1945 431 2004 quos
439 1923 596 1982 Tiberium
607 1925 639 1981 in
650 1935 709 1981 tres
720 1920 843 1981 ordines
853 1922 1055 2003 distinxisse,
1066 1941 1167 1988 narrat
1174 1927 1228 1986 Sue

182 2018 305 2087 tonius;
322 2035 385 2074 non
402 2034 474 2094 ergo
492 2015 523 2072 in
544 2033 629 2072 sacro
647 2014 791 2072 comitatu
813 2009 863 2070 hic
886 2033 1000 2074 servus
1024 2030 1146 2098 poterat
1162 2037 1228 2088 esse,

183 2125 238 2164 nec
251 2101 416 2184 jactantior
432 2102 566 2184 reliquis.
584 2100 650 2161 Alia
667 2121 790 2183 quoque
803 2099 952 2180 conjicit,
969 2103 1001 2164 h.
1023 2105 1045 2164 l.
1064 2108 1229 2188 pretermit-

183 2192 285 2252 tenda.
301 2191 363 2252 vid.
377 2193 481 2252 Burm.
500 2193 592 2250 istam
606 2205 709 2250 tamen
723 2192 816 2248 Wasii
833 2192 1100 2255 emendationem
1116 2194 1231 2277 amplee

182 2283 258 2340 titur
269 2280 306 2340 cl.
320 2280 422 2355 Rotbe,
436 2280 588 2341 scribens:
604 2280 677 2337 uNil
689 2281 789 2339 verius
798 2281 892 2338 Wasii
906 2283 1145 2359 emendatione,
1148 2279 1229 2366 jactat

184 2369 312 2452 officium
329 2390 438 2444 comes,
457 2373 476 2429 i.
493 2391 519 2430 e.
536 2391 639 2429 comes
654 2370 784 2441 Tiberii,
801 2367 885 2449 quod
904 2369 987 2430 salse
1004 2373 1140 2446 dictum,
1155 2374 1227 2452 quasi

184 2461 329 2520 atriensis
345 2461 508 2520 comitibus
525 2461 722 2541 Imperatoris
738 2478 768 2516 se
785 2456 992 2521 adnumerari
1011 2462 1157 2523 voluisset
1173 2462 1227 2542 Op-

184 2552 310 2630 ponitur
329 2560 364 2625 τῷ
382 2553 514 2609 comitari
533 2571 603 2609 mox
619 2570 797 2630 parcamur.
821 2551 922 2627 Atque
940 2550 1014 2613 ltaec
1036 2557 1122 2613 etiam
1140 2549 1224 2610 Codd.

183 2640 263 2697 MSS.
278 2641 426 2717 scriptura
439 2654 496 2709 est,
509 2637 606 2696 littera
621 2638 706 2697 finali
719 2662 732 2697 s
744 2660 761 2696 a
773 2641 912 2718 sequenti
928 2643 1034 2702 verbo
1048 2647 1197 2721 intercepta.
1207 2664 1219 2688 n

185 2724 368 2802 Conjectura
381 2724 477 2784 facilis
490 2724 626 2805 profecto
640 2741 670 2784 et
682 2727 753 2785 felix
763 2748 771 2798 ;
782 2738 826 2797 at,
842 2728 865 2783 si
880 2728 961 2805 quid
975 2753 1039 2812 ego
1049 2730 1150 2810 judico,
1162 2746 1219 2785 non

183 2813 273 2873 facile
290 2812 496 2885 adrnittenrla3
514 2816 576 2872 sive
591 2818 621 2873 τὸ
638 2837 730 2874 comes
746 2813 894 2873 referatur
912 2816 952 2876 ad
973 2821 1156 2889 Atricnsem,
1169 2816 1224 2872 sive

184 2901 222 2960 ad
236 2900 332 2959 alium
345 2923 559 2982 quemcunque
572 2905 723 2961 comitem.
736 2903 858 2959 litenim
869 2904 892 2960 si
907 2905 1075 2986 intelligas
1087 2905 1121 2964 de
1131 2906 1229 2962 btrien-

185 2996 223 3064 si,
235 2990 299 3071 jam
313 2992 387 3051 olim
400 2992 505 3051 docuit
518 2995 727 3065 Burmannus,
740 2991 824 3051 hunc
841 3012 967 3052 servum
982 2996 1018 3055 in
1034 3015 1119 3055 sacro
1130 2992 1230 3052 Tiberii

184 3083 329 3140 comitatu
347 3101 409 3139 esse
428 3101 489 3139 non
508 3083 648 3161 potuisse.
670 3081 773 3158 Neque
791 3082 883 3137 etiam
905 3100 944 3139 eo
967 3081 1109 3142 stultitia
1128 3100 1230 3163 prores-

184 3174 254 3230 sisse
267 3169 421 3251 putandus
433 3184 474 3228 est
489 3171 647 3243 atriensis,
661 3180 695 3227 ut
707 3169 871 3227 comitibus
885 3170 1093 3251 imperatoris
1105 3194 1134 3230 se
1145 3169 1229 3229 adnu-

186 3262 294 3318 merari
311 3259 457 3331 voluerit,
476 3280 571 3338 quum
591 3280 629 3317 ne
646 3261 842 3316 comitaretur
859 3256 989 3337 quidem
1009 3259 1190 3327 dominum,
1203 3272 1229 3314 ut

184 3347 393 3428 pedissequum
416 3350 479 3404 imo
501 3368 573 3406 vero
594 3344 862 3428 perambulantem
886 3346 1003 3406 viridia
1028 3360 1231 3428 praecurreret,

183 3449 363 3495 estuantem
380 3433 511 3495 lmmum
528 3455 748 3515 conspergens,
766 3446 795 3492 et
811 3433 920 3492 sedans
938 3433 1117 3514 pulverem.
1133 3438 1162 3495 Si
1175 3453 1231 3492 vero

183 3530 212 3584 τὸ
228 3546 320 3584 comes
333 3545 404 3583 cum
419 3526 516 3583 llario
531 3527 632 3608 capias
650 3523 688 3583 de
705 3523 767 3583 alio
783 3544 990 3604 quocunque,
1011 3547 1110 3605 quem
1128 3527 1230 3584 Atrico-

184 3617 223 3673 sis
237 3615 295 3671 sibi
311 3614 472 3672 adsciverit
485 3618 643 3687 comitem,
659 3627 693 3673 ut
708 3616 845 3695 ineptam
860 3611 942 3672 hanc
959 3611 1029 3693 ejus
1047 3613 1180 3697 opellam
1191 3612 1231 3669 Ti·

185 3702 270 3760 berio
287 3713 316 3758 et
331 3697 395 3778 ejus
412 3702 576 3760 comitibus
593 3701 767 3760 venditaret
781 3715 810 3759 et
827 3698 1030 3781 praedicarem
1049 3704 1234 3762 Burmannus

186 3788 229 3848 nil
244 3786 320 3846 vidit
335 3790 440 3865 magis.
459 3813 472 3841 u
484 3789 583 3860 Itane,
598 3791 705 3867 inquit,
720 3787 798 3847 riuos
811 3786 954 3845 homines
968 3809 1039 3848 non
1054 3791 1190 3870 apertius
1200 3784 1236 3843 di-

184 3879 350 3953 stingueret
366 3872 529 3932 Phaedrus?
542 3887 571 3932 et
588 3874 662 3954 quid
677 3877 810 3934 coactius
825 3888 854 3933 et
870 3873 1034 3954 frigidius,
1054 3896 1152 3954 quam
1167 3873 1236 3952 cupi!

185 3984 366 4044 conqurqerv
386 3982 493 4041 capere
509 3961 547 4020 de
564 3964 692 4022 Atriensi
703 4009 711 4027 ,
720 3960 815 4043 jactat
832 3962 935 4042 (quod
953 3964 1052 4021 etiam
1071 3978 1178 4024 contra
1191 3980 1235 4019 co-

185 4052 263 4110 rliccs
274 4047 452 4134 projactatus
462 4052 664 4130 supponitur)
676 4054 823 4133 respicere
832 4049 967 4109 alterum
977 4054 1133 4111 comitem
1144 4050 1235 4109 illum.

185 4139 295 4199 deinde
312 4141 472 4221 prrrreurrit,
494 4141 603 4198 iterum
623 4139 661 4198 de
681 4142 810 4198 atriensi
836 4137 975 4218 intelligi.
1001 4140 1157 4201 Praeterea
1177 4139 1236 4217 quis

183 4225 246 4304 jam
262 4228 421 4287 deridetur?
434 4250 473 4287 an
489 4249 691 4310 cottsperqerts,
708 4250 747 4288 an
763 4223 1001 4307 comesjactaru?
1015 4249 1060 4288 an
1073 4226 1237 4293 deridentur,
