2820 5018
467 465 559 530 nin.
586 465 637 542 11,
663 463 928 532 nernoeus.
1155 474 1217 555 its

176 610 289 673 Patere
302 608 435 673 honoris
448 609 568 674 scirent
580 625 617 672 ut
628 608 754 671 eunctis
766 608 866 684 vium,

175 717 244 779 Nec
255 716 367 801 generi
380 714 494 792 tribui,
509 715 568 779 sed
579 715 707 789 virtuti,
721 713 867 800 gloriam.
900 787 905 797 Ι

174 925 252 958 veram
261 927 310 957 esse
318 912 449 969 iectionem,
458 927 535 975 qnam,
543 922 627 974 praeter
633 910 698 966 ulios,
706 925 816 973 recepere
822 913 885 958 iirot.
894 913 943 975 Bip.
952 913 1046 960 Derhiii.
1053 919 1110 962 -3.
1121 919 1219 969 Ιιωωήι,

175 985 235 1044 Quin
248 986 272 1030 in
286 985 332 1031 MS.
348 984 407 1031 Pith.
423 998 469 1040 est,
484 992 562 1047 putere
578 981 670 1038 homini,
687 983 749 1028 varie
763 980 786 1028 h.
800 981 816 1028 Ι.
834 996 922 1031 tentent
935 987 1085 1050 interpretes.
1102 991 1222 1040 Proschius

175 1056 266 1103 maliet:
277 1058 304 1101 P.
315 1057 337 1103 it.
348 1061 416 1102 scr'res
426 1065 451 1101 ut
460 1058 545 1101 cunctis
553 1056 620 1099 uritm.
631 1055 738 1099 iicinsius
747 1069 753 1099 :
762 1063 841 1116 putere
849 1059 932 1101 sedent
940 1059 1026 1103 nomini
1033 1068 1059 1105 ut
1065 1064 1143 1106 cuncti
1149 1065 1224 1120 uiam

175 1127 265 1173 Gudius
277 1143 289 1172 e
302 1128 349 1173 MS.
360 1127 418 1173 Pith.
429 1135 507 1190 patere
519 1124 602 1172 homini
610 1128 694 1171 scirent
704 1134 729 1170 ut
739 1129 816 1171 cuncti
824 1127 897 1181 urhm5
908 1139 931 1173 et
943 1129 973 1174 its
984 1129 1107 1177 Salmasius
1118 1132 1147 1178 nd
1157 1150 1224 1182 orum

175 1196 240 1251 iihri;
253 1198 438 1259 Cuninghamus:
450 1206 529 1261 patere
540 1195 629 1243 honoris
641 1197 725 1243 homini
734 1199 816 1243 scirem
828 1206 854 1243 ut
863 1201 937 1253 virm
947 1199 1063 1248 Bentieius
1071 1218 1078 1248 :
1086 1213 1166 1265 petere
1179 1203 1223 1252 ito·

175 1271 227 1314 nori
235 1272 317 1315 retient
328 1279 354 1315 ut
363 1273 441 1316 cuncti
448 1272 514 1314 unm.
525 1268 570 1314 Sed
579 1268 686 1314 observat
694 1269 839 1315 Burmannus
848 1284 854 1313 ι
868 1290 877 1308 ι
886 1268 949 1315 uiiud
958 1280 1005 1325 est,
1016 1269 1096 1318 horrori
1100 1283 1165 1336 patet
1173 1277 1223 1330 υἰα,

175 1337 238 1387 siind
250 1337 347 1386 horroris.
363 1340 452 1386 Deinde
467 1342 554 1385 cuncus
566 1351 656 1384 mutare
671 1340 695 1384 in
711 1342 788 1385 curtetr'
803 1353 838 1386 est
852 1352 932 1387 contre
947 1352 1048 1386 mentem
1059 1341 1156 1390 Phaedri.
1167 1344 1225 1393 Vnit

175 1412 237 1457 enim
248 1424 331 1472 poete,
344 1428 390 1458 non
402 1411 527 1466 nobilitati,
540 1427 586 1458 non
600 1412 691 1471 generi,
706 1422 745 1456 ant
757 1412 836 1472 putriae
850 1409 912 1457 hunc
925 1410 1039 1458 honorem
1050 1412 1166 1472 bibitum,
1181 1415 1225 1463 sed

174 1486 261 1547 urperu‘o
276 1484 366 1546 AEsopi,
381 1483 421 1544 qni
438 1483 574 1543 peregrinus
591 1491 614 1526 et
628 1479 742 1526 burburus
757 1479 836 1526 retulit
848 1478 975 1536 honorem,
992 1482 1047 1528 eolis
1061 1485 1147 1533 civihns
1162 1486 1225 1533 isene

174 1555 262 1599 meritis
275 1552 346 1598 tribui
357 1550 456 1597 solitum.
468 1549 603 1612 Exemplum
615 1551 683 1610 igitur
696 1551 774 1611 AEtepi
787 1549 872 1595 docere
885 1561 978 1611 poterut
988 1550 1151 1612 Athenienses,
1163 1559 1226 1605 vieni

174 1621 271 1669 honoris
280 1635 359 1683 patere
368 1624 467 1677 cunctis,
475 1636 552 1682 neque
563 1619 652 1666 excindi
661 1635 753 1675 servos,
764 1621 914 1681 peregrinos,
926 1618 1045 1668 burburus.
1056 1643 1066 1666 ιι
1079 1624 1157 1672 Nihiio
1167 1642 1224 1675 vem

175 1693 252 1738 secius
264 1708 311 1737 non
323 1708 403 1754 pnucae
416 1690 533 1739 Fditiones
544 1690 629 1736 hahent
638 1691 726 1745 cuncti,
735 1704 764 1734 nc
775 1689 833 1735 desit
843 1705 929 1736 nomen
939 1692 969 1737 ud
977 1694 1073 1747 seimon
1085 1695 1126 1740 sed
1136 1711 1159 1740 r.
1172 1700 1224 1743 iio·

175 1774 211 1807 tos
223 1759 252 1806 nd
264 1777 297 1806 vs.
311 1758 333 1807 3.
346 1763 381 1807 Sic
394 1760 497 1807 Nesciet.
510 1758 611 1822 nigrior,
626 1776 647 1805 a.
659 1758 771 1804 Seheiier.
785 1760 863 1805 Ursin.
877 1761 1008 1822 iioogstrnt.
1021 1761 1114 1813 Leiiem.
1127 1766 1224 1811 Bmtier.

175 1830 304 1879 Deshiiion.
317 1831 395 1878 Didot.
405 1857 437 1867 -
445 1831 468 1890 d.
482 1834 535 1879 Post
546 1830 608 1877 hunc
620 1845 713 1877 versum
725 1831 747 1874 in
759 1828 829 1875 iiditt.
841 1830 978 1877 hittershus.
991 1831 1080 1877 Meurs.
1093 1834 1165 1880 Gron.
1177 1837 1227 1880 Ne·

175 1902 258 1958 veieti,
271 1905 385 1960 asterisci,
398 1906 475 1950 omissi
486 1919 568 1950 versus
576 1902 673 1964 alicujus
686 1904 761 1963 signa,
774 1914 894 1963 apparent.
905 1903 951 1948 Sed
959 1900 1016 1949 nihii
1025 1903 1120 1962 deesse,
1132 1920 1160 1951 ex
1172 1922 1226 1953 oru-

177 1974 245 2019 tionis
257 1987 365 2019 contextu
376 1986 477 2029 constat,
489 1973 626 2018 observante
634 1975 682 2034 jorn
692 1970 747 2017 oiim
755 1973 899 2025 Burmanno,
910 1972 934 2015 in
943 1972 1009 2032 eujus
1019 1976 1153 2019 sententium
1162 1988 1226 2021 reete

178 2040 274 2087 discedit
284 2043 419 2104 Heusinger.
432 2045 493 2088 Dicit
506 2058 588 2103 nempe
599 2041 707 2088 Pha-drus
718 2058 724 2086 :
737 2042 835 2101 AEsopus
846 2042 933 2103 primns
944 2040 987 2086 fuir
998 2042 1059 2086 inter
1069 2044 1176 2101 Graecot,
1185 2048 1227 2109 qni

178 2125 263 2174 preter
274 2125 364 2160 eeteros
376 2114 458 2162 fehniis
470 2114 562 2161 inuelem
572 2113 615 2160 tihi
624 2126 729 2176 pararet;
739 2110 792 2158 hinc
800 2114 896 2159 meritus
907 2124 942 2158 est
951 2112 981 2158 ab
992 2112 1170 2160 Atheniensibus
1179 2129 1227 2162 stn-

177 2197 249 2232 mem.
261 2186 378 2245 Quoniam
389 2188 460 2248 igitur
475 2188 571 2249 AEsopus
588 2188 699 2249 prevenit
714 2200 751 2230 me
766 2185 791 2230 in
803 2182 885 2232 nidis
901 2184 1057 2241 inveniendis,
1069 2186 1148 2249 sicque
1159 2186 1226 2245 fecit,

178 2270 209 2302 ne
219 2258 307 2319 primns
318 2259 377 2304 inter
388 2274 468 2305 omnes
480 2274 554 2305 essent
569 2257 698 2305 inhninrnm
714 2259 827 2321 scriptor,
842 2256 933 2312 studui,
946 2256 1011 2319 qnod
1022 2257 1097 2303 solum
1112 2257 1169 2305 mihi
1183 2275 1226 2306 ιιι-

178 2329 278 2390 petiuit¹
291 2344 321 2374 ne
337 2330 399 2376 eninr
411 2331 536 2377 iinhnistor
548 2330 626 2377 audiet
639 2331 744 2390 AEtopus.
761 2326 818 2372 ideo
830 2342 877 2374 nun
889 2326 979 2374 ucmhe
988 2328 1076 2384 innuit,
1093 2344 1118 2374 se
1130 2329 1228 2376 similem

177 2396 270 2445 isndern
284 2412 307 2447 et
318 2402 438 2461 premium
451 2417 465 2446 s
477 2403 543 2448 latio
553 2414 655 2464 operere.
666 2403 702 2446 Sic
714 2412 776 2443 vers.
789 2397 804 2454 i
817 2410 872 2443 cum
884 2398 898 2442 5
909 2399 970 2445 hene
983 2397 1097 2453 ouhmet,
1110 2408 1133 2444 t.
1147 2400 1225 2446 Burni.

179 2567 250 2619 tibus
259 2571 458 2638 vershniornm,
468 2569 682 2632 dimidiatiriere;
724 2571 789 2620 tinet
804 2566 837 2618 ad
848 2567 923 2620 basin
936 2580 1027 2620 statute
1039 2567 1161 2620 colosseae
1174 2568 1228 2620 Do-

178 2658 246 2699 ieste
257 2648 310 2699 Cic.
321 2651 398 2700 Tusc.
409 2649 461 2717 Qu.
471 2651 504 2714 V,
517 2649 559 2701 ²3.
571 2651 629 2700 iine
641 2666 683 2699 re·
723 2648 831 2699 tuitioni.
842 2644 874 2698 V.
887 2648 966 2717 Casp.
981 2644 1068 2698 Barth.
1081 2646 1115 2698 ed
1126 2646 1152 2698 h.
1168 2646 1185 2696 i.
1202 2661 1228 2699 et

178 2727 219 2780 der
242 2729 441 2799 inscriptiones,
467 2746 532 2800 quae
556 2741 684 2780 memorat
724 2725 758 2777 ad
770 2725 853 2777 'iheh
868 2724 905 2789 ii,
918 2724 978 2789 504.

179 2807 320 2858 burmann.
337 2805 407 2875 epnd
421 2806 523 2857 Gruter.
539 2823 598 2876 cap.
614 2809 640 2870 i,
654 2824 681 2875 p.
758 2805 822 2876 3sq.
836 2816 865 2855 ut
873 2804 978 2869 inirent,
990 2800 1088 2856 scilicet
1096 2802 1225 2856 homines.

176 2898 309 2948 occursu,
322 2883 353 2949 6,
369 2884 415 2935 ubi
428 2882 559 2935 Tertullus
578 2887 683 2954 conjugi
724 2882 854 2936 sollemne
864 2882 977 2945 Latinis,
986 2882 1056 2934 hene
1065 2902 1157 2935 vocem
1167 2883 1228 2937 tuh·

177 2980 233 3016 mm
239 2961 400 3012 AEterrtitntit
409 2960 565 3012 Memoriam
573 2964 685 3033 posuisse
725 2961 823 3014 andire.
836 2960 867 3011 V.
881 2958 1011 3013 Vechneri
1024 2959 1184 3014 Hellenolex.
1196 2982 1225 3032 p.

177 3041 287 3112 iegitur,
301 3053 327 3091 et
344 3041 371 3090 in
390 3040 543 3090 Memnoneis
561 3038 684 3091 Peisineis
727 3054 790 3103 rao,
802 3057 833 3090 ex
844 3032 911 3089 Edit.
922 3038 1089 3109 Heusingeri‚
1102 3052 1128 3090 et
1136 3038 1182 3090 lib.
1192 3040 1226 3099 V,

179 3141 194 3173 e
210 3118 336 3170 Meivssin
350 3115 441 3182 editis,
456 3117 523 3170 sect.
535 3119 597 3182 vn,
611 3136 635 3168 c.
652 3135 684 3184 π,
724 3116 778 3169 tab.
800 3120 823 3184 1,
842 3116 874 3166 3:
896 3139 907 3161 ι
918 3117 994 3167 Viam
1010 3115 1117 3167 honoris
1135 3131 1225 3187 potere

179 3218 207 3273 p.
222 3198 283 3267 406.
300 3199 432 3267 Pompeio
444 3196 571 3249 Maxime
583 3199 685 3249 Memo-
724 3199 838 3261 eunctis,
849 3220 860 3242 ι
882 3198 961 3248 etium
977 3199 1069 3261 servis,
1083 3199 1225 3267 peregrinis

180 3280 226 3332 riae
240 3289 349 3331 oetemoe.
369 3274 473 3343 Quibus
492 3275 560 3327 edde
580 3276 682 3328 lleines.
724 3275 855 3340 barbaris,
868 3292 900 3326 ex
910 3272 1004 3346 quihus
1015 3275 1139 3345 AEsopns;
1155 3300 1166 3321 ι
1175 3294 1225 3328 nec

180 3359 220 3411 Gi.
227 3362 276 3424 vi,
285 3360 364 3410 inser.
380 3371 436 3425 129.
445 3354 504 3405 vid.
515 3372 620 3426 quoque
630 3355 683 3406 iio-
722 3353 833 3428 gloriam
842 3353 921 3407 nibni
930 3356 1031 3425 generi,
1043 3353 1090 3406 sed
1099 3356 1199 3422 virtuti,
1210 3380 1221 3402 ι

181 3451 229 3492 ret.
244 3436 287 3490 hb.
304 3439 348 3503 iv,
361 3435 411 3489 od.
425 3450 482 3500 xrs,
498 3450 539 3485 r...
553 3432 583 3500 4,
596 3433 641 3485 uhi
652 3435 683 3485 ti·
723 3436 740 3485 ί.
751 3450 774 3485 e.
784 3431 897 3504 gion-im
907 3450 963 3484 esee
972 3434 1106 3505 premium
1115 3435 1225 3501 virtutis,

126 3530 134 3553 ¹
181 3519 245 3584 tuli,
262 3536 308 3570 een
330 3516 531 3584 inscriptiones,
550 3530 600 3582 pro
619 3513 683 3581 ipsis
723 3531 777 3564 non
794 3513 909 3584 generis,
928 3523 974 3563 eut
990 3513 1089 3583 patria.
1113 3510 1224 3568 Pulchre

175 3601 272 3653 stetnis
284 3610 362 3668 etque
374 3594 540 3647 monimentis
553 3590 682 3661 puhlicis,
722 3590 792 3644 hunc
803 3593 957 3646 sententiam
968 3588 1224 3664 iilustratinscriptiu

181 3678 277 3752 qnibns
289 3677 364 3729 incid
378 3672 446 3727 tituli
459 3675 612 3726 memorium
626 3669 682 3722 ien-
703 3692 705 3696 ·
723 3688 765 3742 ap.
778 3671 880 3724 Gruter.
895 3686 921 3742 p.
935 3684 1013 3736 unns,
1028 3674 1223 3742 12‚an'nsmc·

179 3757 245 3810 dum
259 3759 401 3810 continent.
414 3755 490 3806 Coni.
504 3754 569 3805 Jani
580 3750 613 3804 ed
624 3749 650 3801 h.
664 3748 680 3801 Ι.
722 3750 797 3801 minit
806 3750 978 3802 Burmannus.
992 3748 1086 3803 uiinlii
1095 3750 1223 3822 praeclusa

181 3840 290 3890 AEterna
308 3848 394 3886 entem
412 3835 477 3886 hatis
495 3831 596 3884 i’haedri
612 3831 682 3884 idem
722 3840 760 3882 est
769 3831 858 3895 virius,
869 3828 989 3883 omnibus
999 3842 1082 3901 patet,
1092 3850 1147 3882 non
1157 3849 1225 3903 qne·

180 3928 234 3979 est,
256 3910 327 3983 quod
350 3922 446 3963 cuma
467 3911 572 3983 crepido
594 3911 680 3976 statii,
720 3910 884 3973 niomium,
899 3906 944 3960 sed
956 3906 1028 3961 nudo
1040 3908 1146 3961 homine
1158 3927 1224 3961 con·

180 3992 254 4065 apud
267 4008 343 4062 quern
357 3990 415 4043 Sih.
431 3994 455 4057 Ι,
470 4008 493 4056 r,
508 3992 556 4044 58:
572 4004 681 4043 :teneat
720 3999 793 4038 tenta
811 3999 881 4039 est·
900 3987 955 4039 Cic.
971 4006 1020 4059 pro
1032 3988 1135 4039 Muren.
1153 4005 1176 4037 c.
1189 3989 1221 4040 8:

179 4073 300 4146 qrramvis
315 4082 410 4121 reterns
426 4069 546 4142 crepido,
562 4071 628 4138 Qnae
641 4088 682 4122 sn·
723 4092 735 4114 ι
745 4082 775 4120 nt
785 4067 872 4120 aditus
883 4067 915 4119 ad
926 4066 1090 4121 consulatum
1101 4065 1222 4140 posthac,

179 4153 322 4225 peringesti
340 4163 456 4222 portaret
472 4150 590 4202 cuimine
606 4168 681 4200 mon·
722 4152 789 4201 sicut
809 4147 880 4219 apud
901 4151 1012 4218 majores
1032 4160 1135 4200 nostros
1159 4146 1221 4212 fnit,

179 4232 250 4298 de,-
265 4248 319 4301 qno
329 4228 389 4282 iooo
400 4242 496 4283 aetertta
508 4228 613 4300 crepido
623 4246 682 4298 per·
722 4248 776 4281 non
790 4230 872 4298 meffl's
885 4227 1027 4290 nobilitati,
1043 4245 1122 4296 quern
1136 4228 1224 4280 virtuti

1038 4316 1081 4364 31.
