2820 5018
208 449 268 513 262
575 439 637 502 DE
661 433 880 502 PHAEDRO

204 615 274 655 vero
289 593 384 651 secius
402 591 434 647 in
450 587 621 669 priscorum
632 586 816 666 scriptorum
831 603 963 643 numero
977 598 1063 643 recte
1076 582 1198 645 haberi.
1211 584 1249 646 iu

203 684 241 758 Q.
259 679 382 739 Curtius
395 674 507 745 Rufus,
525 693 709 753 quacunque
725 672 762 731 de
779 692 899 746 caussa,
915 692 934 730 a
950 672 1045 733 nullo
1061 674 1248 756 antiquitau‘s

204 769 349 849 scriptore
366 764 523 835 laudatum
544 761 620 820 adeo
637 760 776 840 quidem,
794 774 829 820 ut
847 781 912 821 uon
925 758 1105 835 defuerint,
1125 764 1179 843 qui
1192 782 1247 822 nou

204 859 380 919 dubitarent
395 853 563 925 affirmare,
583 852 696 925 libros,
714 852 769 932 qui
791 852 848 911 sub
866 849 931 932 ejus
946 852 1085 911 nomine
1100 850 1245 921 feruutur,

204 950 243 1008 ab
256 945 377 1007 erudito
392 944 529 1024 quodam
546 941 624 1001 italo
640 956 710 1001 ante
724 943 799 1002 CCC
816 960 915 1001 annos
933 961 1000 1001 esse
1017 942 1186 1005 confectos
1202 943 1245 1001 Ni·

204 1038 269 1097 hilo
291 1057 364 1096 vcro
385 1048 489 1094 tamen
512 1035 615 1092 minus
636 1033 675 1091 ab
700 1032 862 1106 omnibus,
885 1030 1000 1091 barum
1021 1054 1135 1095 rerum
1157 1033 1245 1115 peritis

204 1126 402 1208 scriptoribus
420 1124 513 1196 Latii,
530 1123 772 1195 necimmerito,
790 1120 1075 1203 adnumeratur(r).
1095 1122 1186 1181 Vides
1198 1121 1244 1202 igi·

203 1229 268 1287 tur,
287 1235 304 1271 e
321 1214 507 1294 scriptorum
528 1212 670 1269 omniurn
689 1211 810 1269 silentio
832 1209 975 1270 adversus
993 1207 1124 1270 Phaedri
1140 1208 1243 1270 fabula

205 1316 422 1383 argumentum
437 1302 497 1382 peti
510 1321 576 1359 nou
590 1321 686 1381 posse.
1286 1358 1288 1367 ,

245 1393 342 1471 Atque
353 1392 445 1449 etiam
461 1402 540 1448 recte
553 1389 656 1447 mirati
669 1400 741 1447 sunt
757 1389 814 1447 viri
828 1387 926 1461 docti,
939 1387 1027 1468 quod
1042 1388 1184 1471 AEsopios
1194 1388 1241 1445 ie

204 1501 259 1562 gos
276 1480 386 1539 Seneca
404 1481 576 1538 intentatum
589 1481 729 1537 Romanis
746 1480 869 1559 inqeniis
883 1497 960 1559 opus
975 1476 1077 1551 dicat,
1095 1473 1241 1537 varieausi

204 1567 244 1627 ad
267 1567 349 1626 hunc
370 1568 474 1626 locum
491 1566 684 1649 respondere.
700 1566 778 1626 Sunt
793 1566 891 1639 enim,
910 1565 964 1646 qui
980 1580 1112 1647 putent,
1126 1563 1242 1625 uoluisse

163 1662 169 1685 '¹
204 1658 350 1716 Senecam
365 1654 504 1715 Thracem
522 1656 670 1715 Romanis
686 1654 890 1714 adnumerare
902 1654 1037 1733 ingeniis
1046 1655 1108 1732 (a),
1119 1650 1241 1733 aquibus

205 1757 283 1804 recte
300 1744 484 1804 dissentiunt
498 1745 736 1824 Cannegietcrus
745 1744 786 1821 (3)
802 1758 833 1803 et
845 1741 1241 1821 Marchesellus(4).1iamsi

204 1832 226 1888 ii
242 1831 298 1890 soii
311 1833 472 1913 scriptores
486 1833 566 1891 inter
577 1833 716 1891 Romana
727 1832 853 1912 ingenia
864 1830 1012 1912 ponenda
1025 1842 1119 1903 sunt,
1133 1827 1184 1909 qui
1196 1826 1242 1884 ss

204 1939 263 1976 mae
277 1920 357 1991 nati,
374 1931 490 1999 quanta
504 1919 703 1998 ingeniorum
715 1938 823 1977 eorum
840 1918 976 1999 paucitas
991 1916 1068 1972 erit!
1087 1914 1136 1973 Sic
1148 1916 1241 1972 Teren

203 2008 279 2079 tius,
292 2006 375 2085 quod
392 2007 464 2062 Afer
479 2021 540 2074 θεῖς
559 2007 601 2061 sie
616 2008 728 2061 Seneca
740 2008 868 2061 natione
879 2006 1055 2082 Hispanus,
1071 2002 1171 2083 patria
1183 2002 1242 2061 Gor·

205 2095 366 2166 dubensis,
379 2107 413 2152 ut
426 2094 548 2152 silentio
561 2106 738 2174 praeteream
752 2090 844 2164 alios,
856 2093 889 2149 in
901 2112 1035 2151 numero
1046 2093 1242 2152 Romanum

207 2185 402 2265 ingeniorum
417 2203 482 2241 non
495 2196 585 2241 erunt
600 2180 743 2240 habendi.
757 2184 795 2240 At
809 2200 881 2240 vero
896 2200 1005 2239 omnes
1019 2180 1070 2240 iili
1086 2182 1244 2264 scriptum,

206 2273 260 2352 qui
273 2273 352 2331 cives
364 2272 497 2329 Romani
512 2285 613 2341 eraut,
626 2268 833 2350 undecunque
845 2270 926 2343 nati,
938 2270 1093 2330 Romanis
1107 2270 1245 2353 smpmi·

205 2360 264 2418 bus
278 2370 485 2418 accensentur.
500 2358 568 2436 lpse
582 2354 743 2430 Phaednrs,
757 2355 901 2430 Macedo,
915 2357 1071 2417 Romanis
1084 2356 1211 2437 ingeniis
1220 2374 1245 2413 se

207 2445 404 2505 adnumerari
417 2443 516 2503 voluit
524 2444 575 2521 (5).
588 2445 688 2525 Baylii
703 2441 897 2525 aliorumque
908 2446 1063 2505 sententia
1077 2459 1138 2519 est,
1148 2443 1245 2524 fugin

207 2531 331 2591 Phaedri
349 2530 470 2590 fabulas
489 2531 631 2590 notitiam
649 2531 784 2605 Senecae,
803 2552 875 2590 cum
891 2532 997 2612 paucis
1011 2532 1124 2591 amicis
1138 2542 1244 2593 taum

207 2619 463 2693 communicatas,
476 2641 532 2679 nce
544 2618 665 2701 publice
675 2621 780 2680 editas.
793 2619 850 2680 Sed
860 2618 926 2700 jam
938 2641 1032 2701 supra
1046 2623 1082 2682 in
1094 2622 1167 2681 Vita
1176 2617 1245 2679 Phe

206 2711 256 2769 dri
277 2710 472 2768 observatum
491 2724 549 2781 est,
571 2730 636 2767 non
657 2712 763 2791 paucis
784 2709 935 2791 scripsisse
954 2707 1009 2768 has
1028 2709 1157 2770 fabulas
1173 2707 1244 2767 Pie

207 2799 379 2873 dn1m‚scd
395 2800 556 2871 omnibus3
575 2821 675 2880 neque
688 2814 810 2860 rantum
827 2799 864 2859 ad
883 2801 1040 2881 privatum
1058 2800 1197 2860 dolorem
1211 2795 1243 2855 ic·

207 2888 373 2963 nicndum,
394 2889 444 2953 sed
466 2889 557 2948 etiam
577 2888 616 2947 ad
635 2888 752 2947 famam
771 2888 894 2970 publice
914 2889 1153 2970 aucupandam,
1173 2902 1199 2946 er
1213 2882 1243 2943 id

207 2975 400 3036 emendanda
428 2975 593 3037 hominum
626 2979 709 3036 vitia.
740 2977 898 3036 Fabricius
911 2978 969 3053 (6),
1000 2978 1053 3036 cui
1084 2975 1244 3037 adsentimt

209 3070 325 3149 aiii(7),
348 3069 384 3128 ad
406 3068 506 3129 locum
524 3069 643 3129 Senecae
661 3083 865 3129 memoratum
885 3066 944 3127 hoc
963 3067 1063 3127 modo
1083 3060 1243 3149 responden

209 3179 296 3238 posse
310 3159 476 3217 existimat:
496 3181 601 3238 quirin,
621 3159 736 3238 inquit,
756 3169 842 3238 capnt
860 3158 950 3217 XXX
962 3154 1081 3217 Comei,
1099 3156 1143 3215 ad
1156 3149 1243 3233 Pois&

209 3243 339 3313 consulo,
352 3246 449 3319 tideo,
463 3267 528 3305 curn
543 3244 622 3325 loqzu'
633 3245 668 3304 de
680 3248 801 3327 AEsopiis
813 3248 913 3325 lepis,
928 3266 988 3304 non
999 3265 1084 3305 versu
1095 3247 1210 3313 hunc,
1220 3248 1245 3298 u

246 3426 284 3495 (ι)
302 3426 412 3478 Fabricii
429 3430 456 3479 B.
473 3430 501 3478 L.
520 3430 550 3478 T.
566 3430 602 3491 ss,
620 3449 645 3498 p.
660 3428 710 3493 342
754 3428 812 3498 269.
827 3430 866 3479 Cf.
882 3429 960 3480 etiam
971 3427 1079 3479 Mulieri
1092 3425 1166 3479 Effer.
1177 3425 1202 3475 ia
1211 3420 1244 3471 de

211 3524 264 3576 sqq.
278 3505 370 3556 Clerici
381 3509 429 3557 Ars
439 3510 501 3559 Cris.
510 3511 537 3558 P.
546 3512 594 3567 111.
602 3510 669 3562 Sect.
681 3512 711 3575 ΙΙ,
752 3508 824 3562 alten
835 3510 963 3580 ScdnJur.
977 3510 1009 3559 Τ.
1018 3510 1054 3574 V,
1063 3528 1092 3581 p.
1106 3507 1148 3561 25.

210 3603 232 3634 c.
249 3584 277 3643 3,
297 3580 383 3650 §.15;
402 3585 569 3654 Hambergeri
585 3587 712 3639 ruveriiis·
787 3591 825 3661 (4)
837 3592 942 3643 maen.
954 3592 997 3641 cit.

207 3662 259 3732 siye
278 3660 377 3713 Narin.
396 3683 443 3714 ivon
464 3663 514 3714 den
534 3665 711 3717 romedmsten
786 3669 825 3741 (5)
837 3670 903 3740 Epil.
916 3670 1075 3739 L.11‚8,9.

209 3737 372 3809 Schriftstell.
386 3741 408 3789 T
427 3742 464 3805 11,
473 3760 499 3810 p.
512 3742 554 3806 43.
786 3748 825 3820 (6)
835 3751 862 3800 Β.
875 3750 903 3800 L.
918 3750 949 3801 T.
963 3751 1000 3816 ll,
1014 3770 1042 3821 p.
1061 3750 1103 3816 24.

243 3820 281 3890 (a)
302 3821 343 3870 Sic
361 3823 444 3873 visum
462 3822 577 3886 Pithwo,
604 3824 711 3875 testibus
787 3824 1239 3902 (7)Schumann.1}isscrut.cis.l

210 3899 339 3951 nerbono
355 3901 387 3953 de
401 3905 517 3953 Patavin.
532 3904 585 3953 Liv.
603 3923 629 3974 p.
650 3905 711 3966 15&
753 3929 775 3961 c.
789 3928 815 3980 p.
834 3911 897 3978 1783
914 3914 940 3961 C.
951 3910 988 3961 H.
1002 3909 1114 3962 Schma‘d
1124 3920 1179 3961 not
1189 3899 1243 3977 yd

209 3978 301 4029 vossio
320 3977 352 4027 de
368 3981 438 4032 Puer.
457 3982 512 4031 Lat.
532 4000 553 4031 c.
569 3983 605 4047 ll,
621 4003 646 4053 p.
663 3984 711 4041 38;
752 3989 836 4061 §unii
845 3988 918 4038 Vitas
926 3990 1106 4040 Rornanorum
1122 3990 1243 4038 Portam

208 4061 376 4112 Schrmmnuo
389 4062 455 4111 Diss.
469 4063 511 4112 cit.
525 4082 551 4132 p.
568 4066 630 4132 178;
649 4065 711 4134 Lip-
751 4066 781 4116 T.
798 4069 822 4130 i,
831 4086 858 4138 p.
873 4066 938 4132 351,
952 4067 1087 4117 Versionis
1097 4063 1243 4137 gemuerit!-

208 4143 246 4191 sio
257 4142 431 4191 Commcnmr.
446 4140 478 4191 ad
493 4141 542 4192 loc.
554 4144 665 4194 Senecae.
751 4147 881 4199 Funccius
895 4144 972 4217 Apol.
993 4165 1043 4217 pm
1058 4144 1181 4212 Phaedro,
1195 4156 1242 4214 pff·

243 4222 252 4289 Ἰ
254 4222 281 4291 3)
296 4223 334 4272 Dc
349 4221 421 4292 Stylo
438 4236 464 4273 ct
479 4223 563 4275 ditate
577 4226 670 4277 Aviani
684 4246 709 4297 p.
756 4224 812 4275 161.
