2820 5018
420 451 514 515 LlB.
538 453 568 529 l,
593 454 688 517 FAB.
713 453 761 517 ΙΙ.

69 588 244 677 Corripere
256 591 355 678 coepit
366 592 507 679 singulas
519 616 526 656 ι
540 592 660 659 frustra
672 618 787 659 necem

70 697 226 783 Fugitant
237 699 357 762 inertes
369 722 376 759 ε
390 722 504 763 vocem
517 701 690 787 praecludit
701 718 818 765 metus.

70 800 197 866 Furtim
210 804 309 889 igitur
320 804 400 868 dant
411 806 576 870 Mercurio
589 808 741 871 mandata
752 807 794 872 ad
806 810 922 873 lovem

68 907 217 972 Adflictis
230 927 267 974 ut
279 928 455 976 succurrat.
468 912 563 976 Tunc
574 930 688 977 contra
700 916 789 978 Deus
802 936 809 976 ε

66 1013 153 1094 Quia
165 1002 315 1080 noluistis
327 1034 473 1081 vestrum
485 1016 587 1096 ferre,
600 1020 723 1108 inquit,
737 1020 876 1100 bonurn;

101 1209 139 1253 26.
145 1207 257 1273 Mutat.
271 1211 426 1275 MS.fu9iant.
439 1214 500 1259 oud.
516 1218 604 1262 inertes.
620 1215 698 1262 Mollet
711 1217 799 1262 Gudius
814 1219 921 1264 inennes.
933 1230 957 1263 ut
969 1216 1011 1263 lib·
1024 1219 1049 1271 l,
1063 1218 1111 1265 fab.

64 1278 196 1335 xxx1.6,
214 1281 255 1326 sed
274 1284 357 1327 rectius
375 1282 411 1329 liic
429 1287 522 1339 inertes.
543 1288 597 1348 quia
614 1289 728 1347 igneviam
747 1304 855 1335 renerum
872 1290 949 1349 tangit.
965 1289 1017 1335 uid.
1033 1290 1111 1335 llum

61 1348 193 1412 praeludit.
209 1353 287 1399 Heius.
302 1369 355 1399 vore
366 1354 479 1417 preclusa
493 1366 561 1403 metu.
577 1358 690 1421 Cuoiugh.
710 1358 836 1423 praeludia
856 1360 990 1421 conjectura
1002 1372 1110 1422 uterque.

62 1515 117 1569 hac
130 1516 221 1570 fabula
235 1518 329 1571 Tiberii
344 1534 369 1573 et
384 1536 486 1594 turpem
500 1526 569 1577 iuer»
607 1530 730 1582 submissa
740 1548 800 1582 voce
809 1528 916 1580 modum
926 1529 1023 1579 statuit.
1035 1552 1046 1574 ι
1060 1527 1111 1580 Sed

61 1595 130 1646 tiam
142 1608 167 1646 et
180 1596 358 1649 crudelitatem
371 1616 488 1663 notasse5
501 1603 567 1654 odeo
608 1606 700 1659 dubito
722 1626 755 1659 on
769 1608 866 1679 firrtim
887 1606 939 1657 hoe
958 1625 1033 1658 seusu
1052 1608 1111 1676 capi

62 1672 185 1745 quidem,
204 1689 233 1727 ut
252 1678 442 1733 Freinshemius
460 1693 486 1734 et
504 1683 569 1734 Bur·
608 1688 698 1755 possit.
714 1688 807 1756 Neque
820 1687 897 1737 etiam
911 1686 948 1735 sie
961 1684 1046 1735 nodus
1060 1683 1111 1734 sol·

61 1774 177 1808 mannus
190 1754 224 1807 ad
237 1756 263 1808 h.
277 1756 293 1807 l.
307 1758 429 1811 audiendi
443 1780 497 1812 non
507 1763 565 1813 sint.
607 1765 682 1814 vitur.
695 1762 774 1830 Quod
788 1764 809 1815 si
828 1763 897 1814 enim
909 1776 993 1814 metus
1006 1762 1112 1833 prteclu·

61 1837 182 1889 -derrte
188 1856 284 1909 aspero.
293 1840 567 1894 lnstrumentinotatio
608 1844 686 1896 debat
697 1864 803 1908 rocem,
821 1862 907 1913 neque
918 1842 1002 1908 claro,
1024 1862 1109 1914 neque

61 1913 185 1981 illustrat,
192 1936 265 1968 more
272 1932 417 1987 poetarum.
428 1920 566 1971 Tzscltuclt.
608 1925 733 1977 submissa
744 1943 810 1976 voce
819 1923 892 1993 loqui
902 1936 1022 1993 poterant
1033 1941 1108 1974 ranas.

62 1994 130 2047 Plin.
148 1998 179 2049 ll.
192 1998 225 2048 ΙΙ·-
243 1995 288 2048 lib.
305 1999 354 2063 xl,
373 2017 397 2049 c.
410 1998 458 2068 37,
477 1998 568 2051 dentes
607 2005 707 2056 Furtim
728 2006 806 2074 igitur
826 2002 1010 2072 explicandum
1032 2000 1108 2053 clam.

60 2090 215 2148 serpentum
229 2077 291 2129 dicit
304 2090 417 2132 serratos.
433 2081 499 2131 llinc
513 2081 568 2133 ele·
607 2084 707 2135 Interea
732 2084 801 2135 enim
829 2079 931 2152 Hydrus
951 2079 1028 2131 aliam
1049 2095 1110 2151 post

60 2170 157 2227 genter
175 2157 202 2210 h.
224 2156 240 2209 Ι.
257 2158 332 2209 dente
345 2176 442 2230 aspero.
457 2160 565 2212 Gerilre:
607 2161 683 2213 aliam
697 2161 822 2213 devorare
838 2158 938 2223 studet,
955 2170 1025 2209 recte
1039 2176 1113 2228 quu-

60 2238 251 2310 ntitsclarfem
267 2238 351 2291 Zaltn.
606 2241 666 2295 dam
685 2242 752 2294 elam
769 2243 901 2293 Mercurio
916 2239 981 2291 dare
998 2253 1109 2310 possunt

102 2315 144 2369 2⁵.
157 2318 294 2389 Corripere.
306 2319 412 2387 Proprie
422 2317 454 2370 de
464 2336 567 2389 serpen·
605 2320 737 2372 mandata.
747 2351 783 2361 -
792 2320 931 2379 mandam
944 2337 997 2369 non
1007 2337 1111 2390 semper

60 2392 136 2446 tibus
158 2398 289 2467 usurpari,
317 2395 395 2447 docet
414 2395 482 2448 Gud.
507 2397 565 2449 Vid.
606 2399 638 2450 ad
649 2402 880 2471 superiorem,seu
889 2400 1060 2467 imperantem
1069 2416 1109 2448 re·

59 2473 142 2527 ovid.
155 2476 218 2529 Met.
232 2476 291 2541 ΙΙΙΙ,
309 2492 348 2545 17.
360 2507 396 2515 -
407 2478 491 2547 erepit.
506 2477 565 2529 vid.
605 2478 701 2541 fertur;
720 2478 765 2531 sed
782 2490 820 2531 est
836 2478 914 2529 etiam
927 2474 1047 2546 equalis,
1068 2473 1109 2527 vel

60 2570 143 2624 supra
153 2552 186 2605 ad
195 2574 218 2605 r.
229 2554 253 2606 8.
263 2584 299 2596 —
309 2553 429 2629 st‘nqulas.
441 2557 501 2607 Non
510 2575 566 2606 om·
605 2559 734 2611 inferioris
748 2557 824 2610 adeo.
839 2555 924 2608 llodie
936 2554 1015 2625 vulgo
1031 2555 1108 2606 Com·

60 2649 124 2696 nes,
137 2646 166 2684 ut
181 2632 364 2685 llittershusius
378 2632 503 2703 explicat,
519 2633 564 2686 sed
605 2635 900 2707 missionemappellant,
908 2632 1106 2708 Auftniquid.

60 2731 142 2763 unam
156 2728 217 2785 post
230 2713 352 2776 alteram,
367 2726 395 2765 ut
409 2713 454 2765 lib.
470 2715 481 2763 Ι
488 2753 496 2779 ,
508 2714 562 2768 fab.
604 2717 712 2768 Gesneri
726 2715 803 2767 Thes.
821 2716 849 2765 L.
866 2716 896 2765 L.
911 2734 936 2767 v.
951 2714 1106 2765 mandatum

59 2794 133 2857 Vlll,
144 2793 159 2845 5
169 2813 223 2867 sq.,
234 2808 259 2847 et
270 2796 367 2860 XXXl,
382 2811 420 2845 ιι.
431 2795 471 2846 cf.
480 2796 564 2849 Faber
604 2809 629 2847 et
643 2798 710 2847 infra
724 2794 769 2846 lib.
786 2796 830 2859 lv,
847 2811 915 2858 xvn,
935 2811 977 2846 20.
989 2823 1025 2834 —
1036 2793 1107 2843 Mer·

60 2885 88 2925 et
102 2874 241 2927 Burmann.
257 2877 389 2927 Hactenus
401 2874 490 2927 fabula
500 2895 563 2946 grte-
603 2874 688 2938 curio,
700 2887 792 2943 utpote
802 2874 858 2938 cui,
871 2874 986 2923 Deorum
998 2872 1106 2935 nuntio,

58 2970 101 3003 ce.
113 2950 205 3004 Cetera
215 2951 314 3004 Phaedri
326 2965 394 3004 sunt.
603 2951 675 3004 nullo
687 2971 741 3002 non
752 2966 870 3022 tempore
881 2949 915 3002 ad
926 2951 1017 3000 lovem
1031 2961 1107 3018 pate·

97 3032 139 3085 26.
160 3033 265 3094 inertem
281 3033 413 3098 invalide,
432 3033 562 3099 imbelles,
603 3043 641 3082 ret
657 3030 751 3082 aditus.

59 3128 179 3182 quoeuou
188 3111 284 3164 nudent
291 3114 408 3164 resistere
416 3114 484 3181 regi,
489 3111 562 3184 jeip,
640 3128 673 3178 ²9
687 3128 725 3179 sq.
740 3110 837 3159 bonum
849 3125 910 3157 euru
924 3104 1011 3155 multis
1023 3105 1107 3154 lnter·

58 3191 182 3245 melles.
192 3192 234 3245 Sic
240 3195 311 3263 Virg.
321 3193 378 3244 AEn.
388 3192 431 3244 lib.
441 3193 490 3256 ΙΙΙ,
502 3192 562 3260 732.
603 3186 720 3259 pretibus
734 3186 811 3256 cupio
826 3182 978 3236 neutraliter
991 3195 1017 3233 et
1031 3180 1108 3233 abso·

56 3272 563 3343 „mmcludirmemlgudam
604 3265 671 3329 lute‚
690 3284 739 3336 pro
757 3283 785 3314 re
801 3262 881 3313 bona.
904 3259 975 3312 Weit
986 3258 1106 3312 t'ltreuclt

58 3353 216 3422 Interpretes
229 3353 299 3421 virg.
315 3353 372 3403 AEn.
389 3351 433 3403 lib.
451 3352 498 3416 ΙΙΙ,
514 3351 562 3418 48,
603 3348 630 3397 t'n
645 3365 705 3399 eurr
719 3344 804 3397 Gliicl·
818 3342 869 3412 (da
886 3342 928 3393 iltr
940 3343 1016 3392 einen
1025 3352 1108 3413 puteo

58 3430 239 3501 mfaroet'bus
248 3430 561 3499 ltoerel.Sen.OEd.736,
602 3424 690 3498 Kb'niq
712 3422 810 3491 ltallel)
836 3419 909 3472 nlcllt
932 3420 993 3471 ltabl
1010 3416 1108 3489 finden

55 3511 175 3564 continet
191 3530 277 3563 uocem
292 3511 377 3563 timor.
394 3511 454 3561 Ter.
470 3507 561 3584 linqua
603 3505 714 3557 konnen.
725 3505 874 3573 Usurpatur
884 3502 954 3553 enim
965 3498 1030 3550 illud
1034 3498 1107 3569 ferre

57 3588 139 3641 leret
150 3602 228 3643 metu.
246 3589 329 3641 Pleut.
342 3590 401 3640 Ces.
415 3589 462 3652 ΙΙΙ,
481 3605 508 3653 r,
528 3588 559 3641 25
601 3589 627 3638 in
641 3598 761 3656 respectu
771 3583 805 3637 ad
817 3600 922 3645 euram,
933 3578 1063 3644 studium,
1073 3578 1108 3631 la·

56 3681 84 3721 et
99 3666 147 3735 59,
167 3669 243 3719 timor
253 3666 378 3738 proeperlr't
390 3667 480 3723 verba,
499 3685 562 3737 qus·
602 3666 706 3729 berem,
722 3683 778 3737 quae
789 3665 971 3733 requiruntur,
985 3674 1014 3713 ut
1028 3659 1106 3713 rebus

55 3765 116 3799 rum
125 3746 271 3817 pharium,
282 3748 308 3797 in
318 3748 410 3797 timore
418 3759 443 3796 et
453 3758 561 3816 stupore
601 3746 722 3799 secundis
740 3759 765 3798 et
782 3745 889 3797 utilibus
907 3755 978 3795 reete
992 3756 1105 3797 utamur.

56 3823 237 3887 mumolum,
258 3826 409 3876 varietatem
420 3837 445 3873 et
457 3822 561 3892 elegan-
600 3826 658 3878 Vid.
669 3825 795 3877 Scheller.
810 3825 853 3876 sic
862 3823 952 3875 dicunt
965 3840 1041 3893 trquo
1052 3824 1106 3875 ani·

55 3904 120 3955 tiam
128 3914 201 3953 noto.
210 3900 284 3952 Adde
292 3901 336 3952 lib.
344 3903 363 3966 Ι,
372 3901 425 3952 fab.
433 3902 526 3966 XXlll,
535 3898 559 3953 5.
601 3926 658 3971 mo,
672 3906 796 3977 pulchre,
809 3904 958 3967 moderate,
973 3904 1042 3955 ferre
1053 3904 1107 3955 lor·

94 4000 136 4051 27.
150 3982 251 4033 Furtim
263 3980 471 4034 marmanum.
486 3983 561 4049 Quae·
602 3998 692 4037 tunam
716 3983 867 4036 secundnm.
891 3984 927 4033 Ut
953 3993 1040 4034 autern
1062 3980 1106 4032 hic

55 4061 88 4113 rit
107 4061 135 4113 h.
155 4059 172 4110 l.
192 4058 230 4111 Cl.
244 4058 384 4113 Tzschuck.
410 4061 452 4110 usi
470 4079 562 4111 vocem
602 4062 913 4115 dixitl'haedrusvestntm
923 4060 1105 4130 bonumfem,

56 4137 235 4214 praeludebat
256 4154 352 4205 metus,
374 4142 419 4210 qui
439 4140 562 4192 mundata
602 4140 694 4195 eodem
706 4141 786 4192 modo
799 4143 858 4192 Ter.
869 4137 949 4192 Andr.
962 4140 995 4200 V,
1006 4155 1043 4199 rr,
1059 4137 1104 4196 18,

56 4222 121 4276 dare
144 4222 270 4291 possunt?
291 4222 383 4291 furtim
404 4221 483 4291 igitur
501 4223 518 4272 i.
538 4239 562 4273 e.
601 4237 677 4291 equo
702 4221 791 4272 auimo
813 4215 914 4271 malum
934 4232 1010 4270 suum
1022 4212 1103 4284 ferrer
