2820 5018
343 451 818 529 Ltu.1,FAB.xxvl11.
1041 459 1101 542 427

59 596 176 685 Aquila
189 611 225 658 ut
236 594 359 682 periclo
373 595 485 656 mortis
499 594 639 680 eriperet
652 616 743 671 sune,

60 701 247 766 Incolumes
260 717 352 763 natos
366 698 503 785 supplex
515 697 612 786 Vulpi
626 696 768 761 tradidit.

347 902 605 997 FABULA
634 904 819 996 XXIX.

328 1115 469 1167 Astttus
487 1115 674 1167 lauturus
693 1115 838 1166 APRUM.

59 1293 260 1380 Plerumque
273 1291 363 1356 stulti
375 1294 476 1356 risum
490 1293 569 1357 dum
582 1310 714 1381 captant
726 1292 848 1370 levem,

61 1445 113 1490 Xll.
124 1470 155 1480 -
164 1442 293 1489 incolumes.
305 1444 362 1489 Corl.
377 1443 435 1489 Pitli.
448 1456 470 1489 et
483 1448 557 1491 Anon.
570 1445 614 1490 Nil.
630 1443 755 1490 incolomes.
769 1444 858 1489 (ludius
870 1445 961 1504 conjicit
972 1447 1110 1504 involucres,

60 1515 114 1576 quia
123 1516 146 1558 iu
156 1515 229 1575 ilisopi
239 1513 316 1559 faunu
325 1509 437 1572 ἀπῖιιις
449 1513 489 1559 sed
497 1515 527 1559 ihi
535 1530 610 1559 senno
622 1527 655 1560 est
665 1515 694 1559 dc
702 1514 769 1575 pullis
779 1511 874 1575 aquilae,
884 1529 929 1558 non
937 1513 1018 1576 vulpis.
1026 1543 1056 1552 -
1066 1526 1111 1562 tru-

59 1584 124 1629 dr'dit.
138 1586 191 1629 Hire
205 1596 238 1629 est
251 1584 319 1630 lectio
330 1585 392 1630 MSS.
407 1599 429 1631 ct
442 1585 510 1631 udin.
526 1585 575 1630 t‘erc
590 1587 701 1631 omnium.
715 1585 760 1630 scil
774 1585 870 1629 reddidit
881 1583 968 1630 liabent
978 1589 1111 1650 Anonymus

61 1654 106 1700 Nil.
124 1658 208 1716 quius.
226 1671 249 1701 ιι
267 1669 289 1701 ct
306 1672 346 1705 ιι.
359 1657 408 1701 lere
423 1660 532 1718 expressit
545 1660 659 1718 integros,
673 1669 696 1702 ct
711 1655 821 1702 Romulus
836 1657 926 1701 Divion.
943 1656 999 1702 lliuc
1014 1657 1110 1721 Philipp.

59 1723 155 1771 [uilem.
166 1738 189 1770 et
199 1727 262 1772 Brot.
273 1727 387 1773 derlenmt
397 1730 503 1779 reddidit.
514 1727 597 1789 quihus
608 1727 712 1773 obsecuti
725 1740 778 1773 sunt
787 1727 913 1787 Bipontini;
923 1726 1032 1788 praelcrrc
1043 1733 1111 1774 etiam

61 1795 155 1841 videtur
165 1797 198 1841 tl.
211 1797 338 1842 Tzsclruclt.
350 1803 379 1843 At
391 1798 545 1845 Dcslsillonius
558 1798 675 1860 vulgatum
687 1800 769 1844 retinet
781 1810 804 1844 et
815 1797 901 1842 luudut.

62 1934 115 1985 ret,
128 1922 202 1972 istam
214 1920 324 1988 molem,
338 1923 408 1976 istud
420 1926 503 1993 majus
514 1944 567 1976 mu·
642 1924 772 1994 Computa
783 1923 873 1992 AEsopi
884 1920 936 1972 fab.
948 1921 968 1984 l,
981 1922 1024 1991 qui
1034 1919 1110 1990 poul-

61 1997 117 2050 lum
128 1999 262 2072 n'l'hyeste
272 2004 324 2054 suis
335 2005 416 2074 ipsius
428 2004 496 2053 nutis·
506 2004 566 2054 mis·
606 2000 633 2052 lo
646 2000 721 2053 aliter
731 2015 817 2053 narrat
826 2022 832 2061 ;
842 2003 1008 2072 Anonymum
1021 1999 1111 2050 Nilon-

61 2079 189 2146 ceudum,
204 2083 221 2131 i.
232 2102 253 2134 e.
268 2083 412 2154 parandum
423 2103 487 2134 esse.
504 2086 527 2134 N
531 2103 564 2133 on
607 2081 634 2130 tii
643 2079 695 2130 fab.
708 2081 781 2141 x1V;
790 2080 930 2131 camerarii
940 2078 992 2129 tab.
1002 2080 1022 2141 l,
1032 2080 1113 2150 Aqui·

62 2161 142 2229 pauci
154 2174 240 2211 tumen
255 2163 409 2232 interpretes
420 2160 446 2213 ui
458 2162 564 2233 suupui·
607 2159 633 2210 lu
651 2170 676 2206 ct
694 2157 806 2230 Vulpem
824 2156 932 2210 Gellerti
950 2157 994 2208 lili.
1012 2161 1038 2222 1,
1057 2157 1110 2209 fab.

63 2237 104 2289 πίε
114 2235 260 2308 intelligunt
271 2239 302 2290 tle
313 2239 391 2311 pullis
402 2239 506 2310 aquilem
517 2259 565 2291 nec
607 2256 662 2306 qum
679 2237 803 2306 iuscripta
821 2251 874 2300 est;
894 2237 939 2289 dus
958 2238 1040 2309 Pseul
1059 2238 1114 2289 und

63 2317 101 2367 sic
110 2314 184 2367 mule.
194 2316 244 2367 Alii
252 2318 363 2389 (lenique
372 2321 504 2390 proprium
512 2337 566 2368 ver·
605 2317 647 2365 ‹tie
659 2317 768 2367 Brerusc.
780 2315 854 2367 Adde
866 2314 1006 2369 Romulum
1017 2315 1062 2367 lib.
1073 2319 1112 2378 ll,

64 2392 435 2464 bimisceresignificationem,
446 2419 493 2468 pro
505 2417 566 2449 con·
605 2394 658 2445 fab.
672 2396 743 2453 vlu,
763 2409 789 2445 et
807 2397 975 2467 Anonymum
992 2396 1114 2449 Neseleti

61 2475 182 2545 jungere,
191 2474 289 2526 tnuluut
298 2479 417 2542 retinere,
426 2476 567 2528 rescriben·
605 2474 660 2525 tab.
680 2476 746 2524 Xlll.
764 2477 838 2526 lianc
851 2473 968 2528 subulam
983 2495 1038 2528 esse
1059 2475 1112 2528 cle·

65 2566 106 2603 tes
127 2552 214 2618 hostis,
235 2575 282 2624 pro
303 2557 383 2618 hosti,
403 2556 454 2607 hoc
471 2576 566 2608 sensu:
607 2556 1022 2626 peritioremctaptiusinvuntnm
1030 2574 1112 2624 gmon

65 2632 162 2682 danmo
171 2635 315 2685 catulorum
326 2656 432 2688 suorum
443 2638 512 2688 addit
523 2638 569 2690 do-
607 2636 698 2705 AEsopi
715 2634 803 2685 fultuln
817 2635 927 2706 pulchre
945 2636 1060 2688 ostendit
1071 2639 1084 2687 J
1089 2654 1114 2686 ιι-

66 2708 148 2762 lorem
168 2711 263 2777 hostis,
286 2734 299 2764 c
321 2715 418 2766 (lutuno
435 2719 568 2768 communi
609 2713 1113 2767 coln.inobservau.int’huurifubu-

67 2791 215 2842 oriundum.
237 2793 267 2841 V.
289 2794 375 2867 Laupe
393 2796 419 2844 in
442 2794 519 2845 Proll.
535 2796 568 2847 ad
608 2791 660 2853 las3
687 2793 745 2844 vide
770 2795 920 2868 ll'uclttriiye
949 2816 981 2845 zu
1014 2794 1113 2846 Sulzers

66 2869 165 2921 l'lm·‹lr.
186 2890 211 2939 p.
234 2871 275 2920 23.
295 2873 343 2921 Cui
361 2874 569 2942 interpretationi
612 2874 779 2937 Tltcoric‚'l'.
797 2874 1022 2944 vt‚1¹.1,p.54.

65 2952 155 3001 iuvere
179 2949 279 2997 ridetur
303 2946 375 3000 locus
397 2950 435 3000 Fl.
461 2953 568 3020 Vopisr.
646 2955 744 3002 Finem
768 2953 859 3002 xxtx.
886 2953 979 3003 Asinus
1005 2951 1112 3000 irrideus

64 3023 159 3078 Aurel.
169 3043 244 3094 quem
252 3025 319 3075 Guu.
330 3030 420 3091 offert,
431 3052 441 3074 a
452 3028 569 3080 ‹tolon-m
609 3031 719 3101 Aprum.
730 3060 765 3070 ·-
778 3047 819 3080 ι...
831 3031 855 3080 3.
870 3030 948 3081 risum
958 3038 1066 3099 captant
1076 3029 1113 3078 le·

66 3111 206 3157 inistentes
219 3104 350 3156 lieueiiriis
362 3121 387 3157 et
399 3107 501 3158 officiis.
513 3133 523 3153 n
541 3110 569 3159 ln
611 3128 674 3160 vem.
686 3112 797 3179 (lupture
809 3113 903 3173 risum,
914 3122 963 3170 est,
975 3109 1112 3177 aucupari,

67 3204 181 3257 quorum
193 3198 278 3234 tumen
289 3189 443 3237 sententium
453 3206 505 3238 uon
516 3185 569 3239 slis-
610 3202 695 3239 totum
707 3190 733 3237 iu
746 3207 777 3238 eo
790 3207 859 3251 esse,
875 3201 903 3238 ut
916 3189 997 3238 risum
1006 3206 1114 3237 movea-

66 3265 137 3317 cedit
147 3264 336 3329 'suntin-lius,
349 3285 371 3314 r.
386 3267 417 3316 D.
431 3280 525 3317 notans
537 3268 571 3319 nd
612 3287 682 3330 tuus,
703 3266 743 3317 ret
762 3269 931 3319 concitemus.
951 3269 1114 3318 Burmannus

68 3364 160 3396 voc-un
170 3348 276 3397 miscens
286 3347 355 3397 lmc:
371 3371 382 3392 ι
395 3361 523 3397 remotum
533 3350 572 3397 vi·
611 3345 723 3417 explicat
732 3332 759 3396 ul
772 3345 869 3409 tenen,
881 3366 934 3397 nou
945 3347 1007 3398 satis
1016 3345 1114 3396 decen-

66 3424 153 3477 detur.
168 3427 296 3476 Damnum
309 3427 376 3476 enim
386 3425 484 3476 doloris
494 3446 571 3478 caus·
613 3440 672 3476 tem.
695 3427 751 3476 Not
773 3424 918 3477 diceremus
943 3424 1114 3498 lciclitfertt'q,

66 3523 111 3568 sa,
129 3504 240 3575 ulcoque
255 3504 331 3556 dolor
347 3506 416 3558 illius
432 3509 570 3574 effectum,
612 3503 783 3577 lciclrtu'nnip.
797 3503 866 3556 Male
877 3505 1025 3556 Schelle-rus
1035 3506 1114 3556 inter-

68 3603 128 3656 quu·
138 3603 191 3635 nou
202 3586 338 3637 commode
348 3589 496 3638 miscentur.
508 3589 572 3639 For-
610 3598 741 3656 pretatur,
760 3586 883 3655 exiguus,
900 3605 1010 3656 parvus,
1024 3586 1070 3637 sed
1087 3607 1111 3637 r.

66 3677 94 3715 tc
107 3665 167 3733 quia
179 3665 263 3735 vulpis
278 3685 340 3716 suos
354 3663 430 3717 simul
443 3664 570 3736 perdidit,
611 3668 751 3717 Burmann.
764 3666 851 3717 Risum
864 3679 967 3734 capture
981 3665 1045 3716 dixit
1057 3666 1111 3717 Cir.

66 3757 96 3794 et
108 3744 144 3794 sic
157 3763 320 3796 conrutunem
329 3748 458 3814 jacturam
468 3745 569 3812 intulit,
611 3747 688 3796 'l'use
700 3746 736 3811 tl,
746 3765 769 3795 c.
783 3762 796 3814 7
808 3767 814 3794 :
830 3768 841 3790 ι
851 3746 979 3814 Epicurus
992 3764 1023 3796 ea
1035 3745 1114 3810 dicit,

65 3822 122 3874 hoc
136 3822 215 3874 verbo
230 3844 292 3877 usus
301 3840 348 3877 est.
360 3850 370 3870 υ
388 3827 427 3877 Cf.
439 3828 500 3879 Ere.
514 3829 569 3878 Xll.
611 3840 639 3875 ut
650 3824 712 3875 mihi
723 3825 827 3895 quidem
838 3837 945 3895 capture
954 3822 1114 3876 risussidea·

108 3920 117 3953 1
128 3919 148 3953 ι.
159 3921 228 3967 suos,
239 3903 333 3974 pullos.
341 3935 377 3945 ·-
389 3924 426 3956 ιι.
439 3919 519 3958 natos.
531 3908 570 3958 llo
611 3921 660 3957 tur.
672 3929 683 3952 ι
698 3905 840 3957 Contentus
850 3903 944 3955 fabulae
956 3904 1047 3967 docet,
1057 3902 1113 3952 huc

66 3979 161 4033 auibus
178 3994 203 4031 et
218 3980 319 4047 bestiis,
337 3998 365 4035 ut
379 3986 499 4038 Phaedrus
510 4005 570 4057 pas·
610 4003 666 4036 esse
680 3982 847 4054 intelligenda
857 3983 890 4034 de
902 3982 1001 4047 stultis,
1017 3983 1063 4050 qui
1073 3983 1113 4031 ln-

64 4064 127 4113 sim.
142 4059 200 4109 Vid.
216 4060 248 4111 ml
262 4059 307 4111 lib.
322 4064 345 4127 l,
361 4063 414 4115 tab.
431 4066 522 4128 xxiv,
543 4067 568 4132 4
611 4066 682 4115 cenis
693 4077 717 4114 et
725 4064 802 4132 jocis,
815 4059 868 4113 sule
879 4081 933 4112 nou
943 4060 1063 4121 conditis,
1075 4059 1113 4107 cf·

64 4137 151 4192 Solita
162 4140 282 4190 varietate
292 4141 353 4191 uicit
364 4162 399 4193 rs.
414 4144 444 4207 3,
456 4145 569 4210 catulos‚·
610 4144 687 4194 licere
696 4142 811 4204 student,
822 4154 849 4190 ut
861 4139 922 4191 levis
931 4142 996 4191 risus
1004 4140 1111 4188 oriatur.

65 4239 104 4271 vs.
119 4217 149 4283 4,
160 4215 261 4287 pullus,⁸
275 4218 300 4271 h.
312 4218 328 4269 l.
341 4234 420 4273 uutos.
610 4223 678 4291 Apte
691 4218 784 4274 Gallici
799 4221 951 4289 interpretes
965 4214 1113 4270 lullemuut
