2820 5018
388 368 392 385 Ι
496 396 553 491 'ru
577 410 858 492 von'unrun
883 432 907 492 r.
1168 436 1229 522 ⁵57

598 640 769 699 FABULA
790 641 813 699 1.

221 833 272 891 Vs.
290 829 318 905 4.
330 828 425 913 junqii
443 848 577 888 caussam
594 825 702 887 intulit.
722 829 907 910 Anonymus
920 831 1072 892 vocabula
1087 854 1190 894 caussa
1202 848 1233 894 et

171 921 305 1000 Junyium
320 932 421 978 censet
434 914 465 976 lr.
481 916 501 975 l.
515 936 577 975 esse
588 934 777 997 synonyma,
789 937 858 997 quae
868 918 1016 999 capienda
1027 920 1088 980 sint
1096 942 1154 1002 pro
1165 921 1232 997 lite,

180 1027 287 1067 caussa
305 1005 434 1081 forensi3
456 1003 538 1065 hisce
557 1003 674 1085 positis,
696 1001 922 1064 admittendum
941 1027 1004 1066 esse
1019 1008 1232 1090 pleonasmum

182 1097 363 1170 nominum,
381 1093 493 1175 dequo
508 1091 659 1153 videndus
673 1093 744 1150 Jani
757 1093 790 1150 in
804 1093 837 1152 A.
856 1093 890 1152 P.
905 1113 935 1175 p.
952 1114 1025 1170 222,
1039 1097 1063 1175 ς.
1079 1097 1112 1172 3,
1129 1099 1232 1159 notio·

181 1203 253 1243 nem
267 1185 352 1243 enim
366 1203 446 1242 arasa
461 1184 557 1242 inesse
572 1182 605 1240 in
619 1179 711 1240 verbo
726 1182 844 1264 inferre,
860 1202 927 1242 non
944 1184 978 1242 in
992 1204 1108 1260 caussa,
1126 1208 1232 1269 quem.

180 1270 349 1332 admodum
362 1272 483 1332 dicetur
497 1272 600 1354 iusum
612 1267 733 1345 buum,
747 1289 822 1351 pro,
834 1291 939 1330 oasam
949 1271 1075 1353 piabere
1086 1272 1162 1336 belli.
1174 1275 1231 1336 Sed

181 1360 256 1442 qnid
270 1382 349 1444 opus
364 1373 429 1421 erut
439 1361 502 1419 istis
516 1357 662 1440 argutiis?
675 1379 773 1439 quum
789 1360 894 1441 infense
906 1360 1084 1443 simpliciter
1097 1362 1232 1444 dicatur,

181 1472 255 1534 pro,
268 1452 406 1534 proferre,
419 1464 455 1510 ut
464 1450 526 1510 Cic.
537 1447 601 1509 off.
613 1449 642 1521 1,
653 1445 708 1522 40,
721 1447 813 1507 dixit:
828 1449 933 1530 inferre
943 1470 1117 1526 semroncm3
1130 1475 1233 1516 caussa

181 1559 255 1599 vero
273 1559 331 1620 pro
352 1559 440 1612 ausu,
463 1534 728 1617 quemadmodum
750 1534 921 1595 luculenter
942 1540 1126 1620 comprobat
1148 1540 1234 1605 locus

182 1629 245 1688 Cic.
256 1628 364 1688 Munil.
376 1648 427 1702 υ,
440 1650 532 1709 supra
546 1626 626 1687 adh.
639 1625 659 1687 Ι.
671 1625 828 1701 laudatus,
837 1625 893 1685 ubi
902 1627 1008 1702 verba,
1021 1628 1124 1709 quibus
1132 1652 1235 1694 caussa

183 1714 249 1775 betti
258 1715 412 1798 inferatur,
423 1713 604 1796 explicanda
614 1727 702 1773 sunt·
714 1712 827 1794 quibus
836 1711 926 1773 detur
934 1735 1023 1789 ansa,
1034 1719 1151 1779 occasio
1161 1720 1234 1781 belli

182 1805 325 1865 adversus
340 1826 397 1864 nos
409 1804 569 1865 excitandi.
586 1803 643 1864 Cui
658 1801 729 1862 eddi
742 1815 843 1884 potest
854 1800 940 1862 locus
952 1804 1025 1863 Coes.
1038 1806 1071 1864 B.
1086 1806 1124 1866 G.
1137 1807 1165 1880 1,
1178 1808 1233 1888 39:

185 1919 200 1948 u
210 1914 344 1974 quorum
360 1894 428 1955 aliis
443 1894 502 1953 elia
514 1910 619 1954 caussa
631 1891 732 1966 illata,
744 1913 838 1973 quern
851 1892 910 1952 sibi
924 1892 962 1952 ad
978 1892 1235 1975 proficiscendum

183 1985 382 2045 necessariam
398 2006 460 2045 esse
475 1985 601 2058 diceret,
622 1983 758 2065 petebat,
779 1997 814 2042 ut
832 1981 896 2064 ejus
911 1983 1071 2046 voluntate
1086 1987 1236 2050 discedere

183 2072 321 2134 liceretn
338 2073 413 2133 Vult
426 2075 510 2134 enim
527 2086 649 2147 auctor,
664 2072 762 2132 aliurn
775 2071 868 2132 ulium
883 2072 1036 2148 intulisse,
1051 2076 1070 2135 i.
1085 2097 1110 2135 c.
1126 2092 1235 2159 protu-

183 2161 251 2221 lisse
268 2182 421 2238 caussam,
441 2184 537 2246 quam
556 2162 612 2221 sibi
631 2160 670 2220 ed
687 2158 944 2243 proficiscendum
959 2166 1159 2224 necessarium
1175 2186 1236 2227 esse

183 2250 305 2313 diceret.
324 2252 439 2313 Eodem
460 2252 554 2313 modo
574 2250 624 2310 hic
646 2248 756 2323 inridit,
776 2271 827 2311 seu
847 2251 977 2333 protulit
991 2251 1083 2334 lupus
1101 2275 1235 2315 caussam

175 2334 280 2419 jurqii.
293 2338 384 2399 Vides
396 2341 503 2421 igitur,
517 2340 679 2400 notionem
693 2358 774 2397 cnsae
787 2338 987 2420 quaerendam
999 2361 1061 2401 esse
1072 2343 1106 2402 in
1117 2363 1234 2417 caussa,

185 2426 300 2486 nonin
323 2427 419 2488 verbo
435 2429 549 2511 inferre.
569 2428 667 2508 Atque
685 2428 778 2486 etiam
798 2425 986 2486 locutionem
1006 2431 1111 2513 inferre
1127 2428 1233 2491 bellum

184 2513 434 2597 distinguendam
452 2537 515 2577 esse
533 2515 669 2576 arbitror
689 2514 728 2574 ab
747 2514 857 2590 altera,
879 2536 1013 2577 caunum
1033 2515 1099 2577 betti
1117 2520 1235 2602 iufcne,

184 2603 264 2664 dare.
282 2605 360 2665 Nam
378 2604 482 2666 bellum
503 2608 608 2691 inferne
623 2624 689 2664 non
706 2617 764 2679 est,
783 2624 922 2665 caussam
938 2605 1011 2666 belli
1029 2606 1115 2683 dure,
1133 2607 1182 2667 sed
1202 2630 1236 2671 re

185 2691 250 2772 ipsa
266 2692 384 2753 bellum
401 2696 514 2768 lacere,
534 2692 658 2752 initium
680 2691 779 2752 fucere
799 2691 889 2774 lielli:
915 2691 946 2752 id
968 2693 1052 2775 qnod
1074 2693 1235 2757 manifesto

184 2778 275 2841 docet
292 2781 377 2842 locus
393 2784 455 2843 Cic.
476 2780 555 2841 Phil.
571 2783 613 2857 11,
634 2802 689 2841 22:
710 2802 872 2842 umussam
888 2781 961 2842 belli
979 2796 1088 2842 contre
1104 2786 1237 2866 petriam

187 2867 339 2928 inferendi
353 2869 494 2929 dedisti.»
512 2870 604 2929 Plura
618 2870 754 2952 exemplu
772 2868 844 2929 addi
861 2884 1000 2952 possent,
1016 2873 1040 2930 si
1054 2892 1133 2953 opus
1150 2887 1236 2933 esset.

226 2956 277 3016 Vs.
295 2978 337 3015 ια.
347 2958 392 3017 Cl.
405 2957 510 3031 Bothe,
524 2956 631 3038 rejecta
643 2958 858 3018 emendatione
869 2958 1011 3034 Bentleii,
1023 2958 1135 3018 edidit:
1149 2962 1239 3021 Pater

187 3041 309 3124 temate„
318 3057 396 3119 tuus,
418 3044 465 3105 ille
485 3047 593 3126 iuquit,
613 3043 767 3105 maledixit
784 3043 867 3105 midi.
888 3045 1069 3126 Designatio
1089 3047 1173 3106 enim
1190 3047 1236 3108 lo·

187 3131 309 3212 quentis
319 3152 456 3214 personae
472 3134 569 3214 magis
583 3135 751 3194 necessaria
763 3135 791 3193 ei
806 3133 975 3194 videbatur.

229 3219 279 3277 Vs.
301 3219 345 3279 13.
362 3217 489 3280 Bothius
505 3220 685 3301 distinguit:
700 3219 809 3281 lacerat
819 3215 927 3302 injusta
937 3240 1014 3281 nece.

594 3409 764 3468 Fluunt
785 3408 826 3468 11.

228 3578 278 3637 Vs.
301 3600 326 3637 r.
349 3575 480 3638 Athena.
505 3579 750 3660 Descriptionem
770 3592 800 3638 et
820 3577 980 3638 historiam
1005 3577 1127 3659 inclyte
1145 3577 1236 3661 hujus

189 3664 274 3725 urbis
286 3667 471 3727 succinctum
486 3666 555 3726 vide
566 3667 599 3724 in
612 3665 698 3725 Notis
711 3666 875 3745 Anonymi.

584 3857 755 3917 FABULA
775 3856 836 3916 111.

230 4022 279 4080 Vs.
299 4042 325 4081 2.
343 4044 379 4081 nc
392 4022 507 4084 libeat...
520 4045 635 4103 suoque.
650 4023 797 4104 illudque
810 4021 937 4103 perinde
949 4017 1000 4077 hic
1016 4017 1110 4079 fucrit
1124 4040 1159 4079 ac
1172 4021 1234 4096 scd,

189 4121 233 4182 at,
249 4130 356 4169 ucrum.
375 4112 472 4191 Atque
491 4133 555 4170 non
575 4112 615 4170 itu
635 4132 706 4171 raro
723 4110 805 4191 apud
825 4109 901 4168 alios
917 4126 1042 4189 quoque
1060 4108 1235 4188 scriptores,

189 4196 329 4278 inprimis
338 4200 493 4274 Tacitum,
504 4200 659 4283 particnlae
669 4197 873 4279 conjunctivae
883 4208 919 4270 ct,
932 4207 1032 4275 atquc,
1044 4195 1236 4276 oppositioni
