2820 5018
411 488 461 553 ΙΝ
485 486 764 553 VOLUMINE
787 489 812 554 1.
1071 501 1131 568 561

83 625 137 690 vit.
159 631 229 690 Non
251 644 355 689 tamen
374 628 441 688 ideo
460 626 614 710 repudiari
633 625 736 703 debet,
755 630 828 711 quia
849 633 971 713 qaudam
988 658 1106 722 semper
1118 662 1137 700 a

86 716 216 778 Phaedro
232 714 396 798 adjectivo,
415 736 480 776 non
498 715 689 776 substantivo
702 713 856 799 jungitur.
878 721 960 797 Quid
978 728 1062 786 cuim
1079 742 1138 806 est,

83 825 207 885 quaeso,
218 825 320 880 senex,
334 803 393 865 uisi
406 802 611 885 adjectivum?
622 821 710 883 aeque
724 825 759 863 ac
773 809 908 880 maritus,
925 810 1077 889 parrulus,
1090 836 1139 898 pa·

87 891 197 968 tularts,
212 889 324 975 quibus
339 892 485 954 omnibus
498 894 557 966 uir,
570 905 625 952 aut
638 891 723 952 bomo
737 893 849 954 subest.
863 899 1028 960 Bumtann.

127 982 178 1040 Vs.
189 982 218 1041 6.
232 1003 268 1041 ue
278 993 391 1062 possent
400 983 476 1062 cupi.
490 980 611 1053 Nescio,
624 999 721 1060 quare
732 996 825 1062 posset
834 980 883 1043 hic
897 983 1006 1045 debeat
1017 992 1138 1071 reponi.

85 1068 155 1129 Sine
167 1068 262 1130 dubio
276 1071 360 1129 enim
375 1089 463 1129 senex
474 1058 562 1149 teq'tm
572 1066 654 1148 fugae
666 1067 830 1129 consilium
842 1086 977 1152 ceperat,
990 1096 1025 1135 ac
1037 1078 1140 1138 suade

86 1156 140 1217 bat
152 1161 254 1234 asino;
272 1158 323 1220 sed
340 1160 413 1241 quia
430 1161 462 1219 τὸ
476 1157 594 1218 timidus
607 1155 665 1217 fuit
679 1156 840 1238 rejectum,
859 1158 917 1221 hoc
931 1184 1054 1246 quoque
1069 1188 1140 1228 mu·

87 1249 147 1309 tari
163 1248 278 1309 debuit.
295 1248 352 1308 Sed
368 1261 475 1308 manet
490 1260 610 1321 tamen,
630 1248 743 1308 territus
757 1248 849 1310 subito
860 1249 989 1314 claruere
1002 1253 1138 1332 hostium,

88 1355 129 1395 an
145 1357 217 1418 ergo
234 1337 331 1398 territi
349 1357 416 1397 uon
427 1335 533 1415 fugere
547 1333 665 1394 solent?
676 1335 783 1396 suadet
794 1358 867 1417 ergo
882 1340 985 1416 asino,
998 1356 1032 1402 ut
1049 1365 1141 1407 suum

84 1423 262 1506 exemplum
277 1437 469 1505 sequeretur,
490 1437 520 1482 et
539 1421 704 1482 evaderent
721 1423 815 1484 ambo
833 1425 940 1500 simul;
955 1450 1029 1490 nam
1045 1433 1142 1494 domi-

85 1530 146 1571 nus
163 1511 247 1571 aselli
263 1524 328 1570 erat
344 1532 447 1586 senex,
466 1511 520 1592 qui
537 1513 616 1570 'certe
635 1507 745 1583 nollet,
760 1525 877 1572 servato
892 1535 945 1595 per
959 1516 1067 1598 fugam
1081 1523 1139 1582 asi-

85 1621 144 1674 no,
158 1602 191 1660 iu
206 1622 317 1661 manus
332 1600 472 1662 hostium
487 1600 550 1682 ipse
560 1599 712 1660 devenire.
729 1602 894 1662 Burmann.

127 1690 177 1748 Vs.
196 1711 223 1770 7.
244 1687 345 1749 lentus.
366 1690 472 1766 Quum
492 1687 557 1750 haec
572 1708 633 1748 vox
648 1708 774 1770 quoque
792 1689 830 1750 ad
853 1692 995 1754 animum
1011 1699 1139 1761 transfe-

87 1788 188 1851 ratur,
203 1776 288 1858 Virg.
304 1774 369 1837 Ecl.
387 1782 416 1852 1,
429 1775 464 1851 d3
475 1772 590 1835 Tibull.
604 1776 657 1849 lV,
673 1794 721 1850 xr,
736 1777 769 1851 6,
787 1797 853 1837 uon
869 1779 949 1840 male
965 1779 996 1842 h.
1009 1781 1030 1842 l.
1047 1787 1140 1867 expli-

84 1865 149 1925 cari
167 1878 266 1948 potest
281 1886 393 1948 equus,
415 1867 481 1925 sine
500 1865 625 1939 timore,
646 1865 847 1947 tranquillus,
869 1867 969 1951 rubiq,
992 1870 1138 1953 pelassus,

83 1951 280 2035 pleichqiiltiq.
294 1953 443 2014 Praeclare
457 1950 572 2013 Oeuet:

131 2039 209 2103 Eut.
226 2045 319 2122 (putta
331 2041 489 2124 pelussen.)
508 2041 592 2100 Mein
597 2085 606 2115 ,
629 2038 704 2100 wird
718 2043 776 2100 mir
789 2040 841 2101 der
855 2043 956 2123 Sieqer
969 2043 1047 2106 wohl
1060 2068 1137 2131 zwq

86 2132 181 2198 Sdttel
192 2129 343 2214 usfieqen?

125 2223 215 2282 Grais.
230 2221 293 2277 Dus
304 2216 376 2278 eben
387 2217 476 2278 nicht.

126 2307 203 2370 Esel.
225 2309 264 2366 Ei
282 2329 345 2366 uun
357 2327 419 2366 was
432 2305 501 2389 lieqt
519 2309 577 2367 mir
590 2304 679 2384 druu,
702 2303 837 2368 welcdem
857 2311 955 2369 Herm
973 2309 1018 2370 ich
1032 2310 1137 2372 dieue?

84 2400 200 2456 meineri
213 2391 306 2454 Suttel
319 2415 396 2453 muas
408 2392 452 2454 ich
466 2392 538 2454 doch
551 2408 660 2476 tropen.

470 2584 638 2644 rassuua
659 2584 748 2644 XVI.

124 2746 175 2804 Vs.
194 2764 204 2802 ι
222 2764 266 2825 sq.
283 2742 388 2804 Edidit
404 2742 441 2803 cl.
458 2743 549 2803 Bolbe
563 2742 621 2804 hos
635 2763 738 2803 versus
754 2765 771 2803 e
787 2743 944 2805 verisimili
961 2746 1133 2807 Burmanni

79 2831 310 2905 emendatione,
324 2832 374 2890 cui
392 2844 422 2890 et
438 2850 496 2890 uos
512 2851 584 2891 curn
595 2829 734 2891 Bentleio
748 2846 778 2890 et
792 2832 982 2914 Heusingero
996 2834 1137 2895 obsecuti

77 2941 197 2985 sumus.
211 2919 280 2979 vid.
295 2922 418 2980 Excurs.
431 2922 473 2993 X,
488 2918 527 2979 ad
543 2918 573 2980 lt.
589 2919 609 2979 l.

454 3111 624 3173 rtssuua
645 3110 751 3173 XVll.

120 3273 171 3332 Vs.
182 3275 209 3334 8.
220 3268 348 3332 Rothius
359 3293 394 3332 ex
408 3285 494 3354 parte
506 3286 628 3332 tautum
639 3274 855 3333 correctionem
866 3271 993 3332 Bentleii
1006 3273 1132 3334 arbitra·

78 3360 157 3420 riam
174 3359 385 3443 amplectitur,
399 3359 501 3441 legens
520 3384 526 3418 ι
544 3361 612 3420 Ovis
630 3375 662 3420 ut
668 3355 816 3440 jacentem
837 3366 868 3417 in
876 3361 966 3442 fovea
984 3365 1130 3441 conperit

77 3453 201 3531 Lupum.
215 3450 259 3511 De
275 3451 386 3511 omisso
404 3464 437 3510 ut
451 3451 535 3510 enim
551 3449 641 3510 facile
657 3450 810 3510 convenit.
822 3459 874 3507 Τοῦ
890 3451 950 3508 ovis
965 3462 1069 3508 autem
1081 3471 1129 3510 re·

75 3539 256 3621 petitionem
279 3538 371 3622 plane
389 3538 553 3598 absurdam
574 3560 650 3613 esse,
674 3538 842 3620 praesertim
864 3536 896 3594 in
919 3534 1039 3609 fabula,
1061 3557 1126 3598 nou

75 3627 280 3688 contenderit.
298 3626 355 3688 Sed
374 3625 443 3687 vide
460 3641 550 3687 notas
566 3641 687 3687 nostras
705 3624 791 3685 adh.
809 3646 837 3684 v.
855 3644 927 3684 cum
945 3625 1127 3704 exegeticas,

76 3730 145 3776 tum
164 3717 295 3793 criticas,
312 3717 425 3799 quibus
444 3715 515 3776 addi
536 3731 666 3800 possunt
682 3715 778 3776 llario
796 3714 956 3775 observata
974 3713 1008 3772 iu
1030 3715 1115 3796 Epist

75 3802 144 3864 crit.
165 3823 193 3883 p.
218 3824 267 3883 19,
290 3805 342 3865 ubi
360 3804 478 3887 Anglus
495 3807 615 3887 egregie
630 3803 767 3865 vindicat
784 3801 990 3863 acutissimam
1009 3801 1125 3862 Heiusii

75 3889 339 3967 emendationem,
357 3891 470 3966 bidens,
488 3914 557 3975 quae
573 3894 641 3954 aliis
656 3892 801 3954 omnibus
817 3885 935 3974 egregia
949 3890 1126 3950 emendatio

76 3981 140 4040 visa
151 3992 210 4052 est3
223 3999 278 4038 nec
292 3980 356 4040 sine
368 4003 472 4042 caussa
485 3983 585 4057 addit,
600 3988 630 4043 τὸ
646 3987 722 4056 ouis,
740 3980 824 4064 quod
841 3980 933 4040 estin
950 3979 1030 4038 MSS.
1047 3978 1126 4039 Pith.

76 4081 108 4130 et
119 4069 204 4128 lietu.
221 4067 385 4130 manifesto
400 4071 532 4151 glossam
547 4093 608 4132 esse
623 4082 669 4132 τοῦ
684 4070 798 4145 bidens,¹
813 4074 843 4128 τὸ
863 4081 896 4128 ut
910 4068 985 4128 citra
1002 4069 1127 4128 necessi·

76 4169 186 4230 tatem,
208 4177 274 4216 nou
294 4158 394 4238 iuepte
413 4159 487 4221 dicit
512 4187 526 4215 u
536 4159 654 4221 bellum
676 4158 755 4220 illud
776 4157 920 4218 editionis
943 4155 1125 4217 Bentleianae

77 4245 241 4307 emblema.
250 4271 264 4301 n

153 4363 175 4398 r.
940 4342 975 4394 ³6
