2820 5018
381 406 444 470 AD
467 402 560 466 LlB.
585 403 598 464 l
623 403 718 464 Fau.
743 402 814 466 ΙΙΙ.
1056 408 1118 472 503

78 544 138 603 tari
151 543 310 626 sejanum,
323 558 474 620 statuens,
488 544 628 605 fabulam
643 543 840 604 manifestum
854 548 1011 608 continere
1024 571 1121 631 augu-

79 635 162 694 rium
182 634 344 695 defuturo
365 635 466 717 Sejani
486 657 574 710 casu,
592 655 684 717 quem
705 634 788 695 haud
805 656 890 695 secus
910 658 944 697 ac
961 642 1120 720 graculum

80 743 188 783 omnes
202 724 243 784 ob
256 723 370 785 fastum
385 724 605 786 intolerabilem
622 725 698 785 olim
712 738 810 785 essent
822 725 1038 806 deplumaturi.

313 926 319 935 ’
398 934 736 1025 EXGURSUS
764 939 803 1023 V

355 1156 405 1207 an
429 1154 532 1207 uiam
558 1155 569 1206 ι
594 1154 777 1207 aaronem
802 1155 848 1234 vr.

590 1346 613 1407 1.

122 1529 166 1587 ad
179 1548 223 1586 va.
235 1529 264 1586 8.
278 1528 473 1585 Burmannus
485 1524 525 1583 ad
536 1544 643 1584 vocem
654 1527 745 1584 emori
757 1521 788 1582 lr.
802 1543 830 1583 v.
843 1522 908 1585 haec
921 1542 1021 1586 notat:
1035 1532 1127 1610 utNon

81 1629 249 1688 mutarem,
264 1615 336 1695 quia
352 1613 521 1694 composito
535 1613 631 1673 verbo
644 1614 738 1672 exurit
754 1611 907 1694 eleganter
923 1612 1057 1694 ejusdem
1075 1638 1128 1678 no-

83 1717 121 1762 tae
137 1703 263 1763 verbum
278 1705 367 1763 emori
382 1700 554 1782 subjicitur,
569 1699 727 1783 cujusvis,
742 1713 777 1759 ut
792 1713 940 1778 mortem,
956 1724 1036 1785 saepe
1048 1704 1129 1764 subi·

82 1804 161 1865 tam,
174 1812 227 1874 per
236 1791 451 1874 pestilentiam,
465 1804 518 1850 aut
530 1788 655 1865 similes,
666 1802 702 1849 ut
710 1787 774 1865 hic,
785 1789 987 1868 calamitates,
997 1791 1129 1870 illatam,

82 1892 112 1938 et
128 1899 192 1939 non
209 1878 398 1954 naturalem,
419 1892 519 1951 notet,
540 1888 698 1937 utcontra
716 1877 979 1960 Capperonerium
998 1878 1129 1940 ostendi·

84 1986 166 2044 mus,
183 1969 216 2029 in
233 1971 288 2051 Ep.
308 1969 346 2029 ad
364 1990 436 2030 eum
451 1991 480 2050 p.
497 1969 570 2046 39.n
588 1967 633 2027 lta
649 1968 777 2049 capiunt
791 1962 844 2027 alii
861 1970 891 2026 τὸ
909 1971 1012 2043 emori,
1031 1983 1066 2028 ut
1082 1970 1129 2030 vel

84 2057 261 2139 simpliciter
276 2057 436 2140 significet,
451 2057 528 2116 mori
544 2058 584 2116 ob
599 2056 721 2116 aridam
735 2055 851 2130 sedem,
866 2055 914 2116 vel
929 2058 971 2116 ita
985 2059 1079 2134 mori,
1096 2072 1131 2118 ut

85 2165 177 2205 nemo
192 2160 314 2206 maneat
327 2148 471 2227 reliquus.
486 2145 542 2205 Sed
556 2143 736 2206 Abreschius
750 2145 793 2224 (ι)
809 2145 893 2226 capit
906 2165 962 2227 pro
976 2149 1131 2222 entoeian',

84 2235 272 2311 extabescere,
293 2257 469 2319 aitporesque
489 2238 574 2296 morti
594 2235 701 2295 smiles
719 2255 807 2315 usque
824 2237 959 2319 experiri,
980 2235 1131 2296 scribens:

87 2344 174 2404 equo
191 2326 293 2386 minua
308 2330 506 2400 Burmanno,
526 2324 563 2385 de
579 2324 679 2384 subita
699 2322 858 2406 accipienti
875 2336 987 2399 morte,
1006 2324 1133 2385 subscri·

85 2411 156 2473 bere
168 2415 297 2496 possim,
316 2413 394 2475 illud
413 2413 527 2489 obstat,
545 2413 646 2495 quod,
667 2415 692 2474 si
706 2414 905 2475 certissimam
923 2425 1054 2473 mortem
1071 2414 1132 2477 sibi

86 2498 196 2562 instare
209 2504 248 2562 ab
262 2525 325 2563 uno
343 2502 406 2564 sole
419 2515 544 2563 nossent
556 2523 654 2577 ranae,
671 2523 735 2564 non
749 2501 869 2576 fuisset,
883 2522 939 2561 cur
954 2513 1018 2560 tam
1035 2503 1132 2562 anxiis

85 2591 165 2650 curis
183 2593 384 2674 implerentur
404 2592 443 2651 ad
459 2613 635 2669 rumorem,
656 2593 749 2652 solem
767 2591 846 2652 velle
862 2612 988 2651 uxorem
1006 2591 1133 2663 ducere3

85 2679 236 2760 siquidem
249 2705 267 2742 a
282 2683 489 2766 multiplicatis
501 2682 617 2743 solibus
631 2703 695 2741 non
707 2683 848 2763 graviora
860 2681 902 2741 sie
915 2681 997 2741 mala
1015 2702 1120 2765 exspee

86 2768 181 2829 tanda
197 2784 293 2830 erant.
309 2774 424 2832 Verum
443 2771 468 2830 si
482 2773 572 2831 cruori
587 2790 745 2830 sumamus
760 2790 817 2851 pro
831 2772 984 2845 emaciari,
1000 2780 1055 2829 etc.
1070 2770 1133 2829 rita

86 2868 191 2913 tamen
204 2857 409 2940 qualicunque
419 2856 482 2917 frui
494 2877 632 2938 pergere,
646 2857 755 2916 merito
768 2857 960 2931 metuebant,
972 2877 1026 2929 ne,
1038 2856 1133 2915 auctis

24 2973 30 2985 ·
87 2941 217 3017 solibus,
227 2942 284 3005 hac
298 2967 420 3027 quoque
429 2947 634 3026 privarentur.
645 2971 659 3001 a
670 2947 823 3005 Provocat
832 2959 935 3004 autem
946 2943 1136 3019 Abreschius,

88 3030 136 3088 vir
146 3028 349 3104 doctissimus,
359 3033 398 3091 ad
407 3034 473 3092 Ter.
484 3033 563 3092 Eun.
575 3035 633 3109 lll,
646 3054 672 3109 1,
681 3032 737 3108 la,
748 3035 807 3092 risu
816 3053 928 3105 omnes,
939 3035 989 3112 qui
1000 3031 1135 3107 aderant,

87 3117 203 3177 emoriri
218 3132 248 3177 et
259 3118 358 3178 Plaut
370 3118 435 3178 Mil.
448 3119 498 3179 Gl.
511 3120 570 3193 111,
584 3139 609 3193 r,
626 3119 695 3193 125,
708 3138 847 3177 cernerem
860 3121 966 3177 emoti:
979 3117 1090 3198 quibus
1102 3119 1136 3177 in

88 3205 163 3267 locis
182 3210 270 3267 emoti
287 3205 343 3266 hoc
361 3227 449 3267 sensu
463 3207 598 3288 legatur,
616 3221 650 3267 ut
666 3207 719 3280 sit,
733 3202 952 3265 vehementiori
966 3203 1078 3263 affectu
1094 3206 1137 3264 ita

88 3296 225 3377 percelli,
238 3311 272 3355 ut
285 3296 422 3356 exteriori
436 3296 512 3357 facie
528 3317 563 3356 ac
579 3296 671 3376 signis
688 3293 871 3374 quibusdam
888 3307 1045 3352 mortuum
1061 3293 1136 3353 refe-

87 3406 146 3446 ras.
162 3388 238 3463 Quae
250 3387 460 3468 interpretatio
474 3388 498 3446 si
512 3385 643 3467 placeat,
654 3385 738 3444 locus
749 3381 868 3444 Phaedri
880 3383 922 3442 ita
934 3383 1009 3442 verti
1022 3396 1133 3463 posset:

90 3479 143 3535 wir
154 3496 256 3535 armen
271 3474 372 3535 Thiere
383 3480 497 3534 otiissen
509 3482 539 3534 in
552 3496 659 3535 ensem
670 3470 922 3553 ausqetmclmeten
935 3474 979 3532 W
977 3472 1137 3553 olinuupen

67 3584 75 3597 ·
90 3566 122 3622 in
135 3564 216 3624 einer
225 3576 313 3623 steten
327 3562 501 3643 Todesattqst
515 3583 595 3642 seyu.
607 3563 653 3622 W
649 3582 682 3620 as
696 3558 757 3619 will
771 3581 800 3619 es
811 3558 940 3633 werden,
952 3571 1008 3619 etc.
1022 3558 1078 3618 Sed
1092 3558 1136 3617 vi-

91 3648 184 3709 deant
197 3650 359 3723 doctiores,
373 3670 413 3708 an
425 3650 514 3708 entori
525 3645 697 3727 significare
709 3647 816 3728 possit,
831 3667 951 3726 airqotes
962 3648 1048 3705 morti
1061 3646 1139 3703 simi·

90 3735 129 3794 les
141 3742 271 3819 experiri
287 3741 323 3799 ln
337 3738 408 3799 loeis
423 3739 523 3811 enim,
540 3757 609 3817 quae
626 3736 732 3796 laudat
746 3734 889 3796 Abresch.
902 3739 992 3795 emori
1003 3734 1072 3816 capi
1083 3753 1139 3814 po·

89 3838 146 3883 test
159 3846 215 3906 pro
231 3827 360 3908 simplici
376 3828 463 3886 mori.
478 3826 561 3904 Quid
575 3827 659 3886 enim
675 3826 706 3885 in
723 3824 789 3884 loco
801 3824 934 3884 Terentii
946 3826 1004 3882 risu
1023 3818 1136 3895 omnes,

92 3916 142 3994 qui
150 3913 284 3989 oderunt,
295 3919 424 3990 emoriri,
436 3916 520 3976 aliud
530 3931 589 3991 est,
599 3936 710 3997 quam,
720 3912 778 3972 atta
787 3912 965 3973 Auwmende
974 3909 1072 3968 ltiitten
1082 3906 1140 3967 siclt

93 4026 128 4062 zu
144 4002 222 4064 Tode
238 4002 338 4064 lachen
354 4010 468 4087 miiqen.
481 4007 527 4066 Sic
538 4007 631 4066 etiam
645 4026 784 4067 cernerem
800 4005 888 4064 cneori
901 4001 982 4085 apud
996 3997 1140 4059 Plautum

128 4184 167 4255 (r)
177 4185 250 4238 Misc.
264 4185 372 4239 Observ.
384 4185 444 4238 Vol.
455 4187 503 4252 Vl,
515 4206 540 4257 p.
558 4185 617 4251 284·
