2820 5018
203 485 243 544 bo
577 480 639 541 tta
663 479 868 553 Primum

240 618 343 678 Nitida
360 630 390 692 et
407 615 528 693 elegans
544 613 711 694 cademque
732 636 800 677 rara
818 614 923 683 editio.
944 620 1013 681 vid.
1035 623 1147 701 Bauer-i
1164 626 1223 699 bibl

200 709 306 769 libror.
319 697 425 764 rarior.
441 718 517 783 part.
533 701 591 775 ΙΙΙ,
605 722 673 783 pag.
691 703 760 780 193,
772 724 817 782 sq.
828 704 976 766 Continet
985 709 1108 790 epistol.
1118 715 1224 783 bienni

200 797 239 857 ad
249 791 424 855 Rittershus.
436 814 460 847 c.
472 788 524 868 huj
530 811 562 847 us
572 811 732 870 respons03
741 792 889 873 Symposii
901 797 1068 877 enigmata
1077 821 1097 859 a
1105 803 1225 887 loseph

200 884 370 947 castalione
380 880 544 949 illustrata3
557 878 672 937 llabriae
684 899 737 937 scu
748 879 870 939 Gabriae
883 882 977 963 vulgo
991 886 1035 949 sic
1045 885 1138 964 dicti,
1152 891 1185 951 id
1197 914 1225 953 α

201 974 311 1055 lgnatii
322 966 441 1027 fabulas
453 980 482 1023 et
494 979 630 1023 veterum
639 965 817 1027 Graecomm
829 982 860 1026 et
871 969 1053 1037 Latinorum
1065 978 1225 1057 vulgum

200 1065 313 1122 Parum
330 1058 401 1117 felix
419 1056 450 1113 in
471 1052 601 1113 Pltaedro
620 1053 771 1113 bleursius
789 1054 882 1123 fuisse
901 1056 1022 1119 ridetur
1040 1063 1114 1125 viris
1131 1065 1225 1131 doctis

199 1151 334 1209 Nimiam
348 1145 432 1203 enirn
445 1142 503 1199 sibi
516 1143 548 1199 in
565 1140 803 1223 transponendis
818 1143 954 1204 versibus
969 1160 1000 1207 et
1010 1147 1226 1231 depravatislp

198 1239 240 1299 cis
250 1231 405 1304 sanandis,
417 1228 571 1287 licentiam
583 1227 713 1308 sumpsit
718 1249 727 1301 ;
740 1248 805 1286 non
816 1250 913 1311 pauca
922 1251 1047 1317 quoque
1058 1251 1089 1296 et
1099 1237 1225 1313 addend

198 1340 228 1382 et
235 1317 442 1383 abscindenda
449 1314 657 1375 existimatzde
665 1336 728 1395 quo
736 1330 847 1399 praeter
854 1318 970 1385 fabric.
981 1323 1015 1381 in
1025 1325 1057 1383 B.
1068 1327 1103 1385 L.
1113 1328 1225 1403 tomi]

198 1435 268 1495 pag.
280 1414 327 1484 28,
339 1424 369 1468 et
378 1405 576 1486 llambergeri
591 1405 659 1464 loco
672 1406 779 1480 citato,
792 1406 857 1487 lege
867 1407 1045 1479 llcsbillonii
1056 1412 1136 1498 disp.
1149 1416 1225 1492 illd

198 1501 271 1560 edit.
290 1497 427 1569 Phaedri,
442 1515 511 1576 pag.
527 1514 602 1552 un.
621 1496 656 1552 tr
675 1515 747 1552 vero
763 1496 933 1579 liipontinis
951 1497 1122 1571 editoribus
1136 1505 1225 1579 Mene

198 1589 260 1646 sius
280 1606 343 1645 non
364 1585 395 1642 in
408 1582 553 1642 omnibus
568 1582 648 1640 ansis
665 1579 771 1641 infelix
786 1581 906 1651 videtur
920 1582 1023 1645 fuisse.
1041 1588 1078 1649 V.
1097 1605 1164 1653 not,
1182 1592 1225 1653 lin

198 1673 236 1731 de
248 1670 379 1730 Phaedro
389 1667 460 1728 edit
471 1667 592 1749 Bipont
606 1666 707 1749 praefi,
720 1686 789 1749 pag.
804 1687 893 1728 utri.

234 1794 315 1846 Catal.
327 1795 358 1845 de
370 1793 396 1844 la
408 1791 475 1845 llibl.
488 1791 523 1844 du
537 1794 600 1860 lini,
615 1790 790 1843 Bella-teor.
804 1805 867 1845 torn.
880 1793 905 1857 l,
916 1812 977 1865 pag.
989 1795 1051 1849 601.
1062 1798 1137 1865 Adde
1149 1814 1224 1855 noea

199 1876 231 1926 ad
244 1895 304 1926 aun.
320 1876 393 1946 1598.

494 2004 605 2063 AETAS
625 2004 657 2062 ΙΙ
679 2003 934 2065 lllGALTlNA.

596 2156 840 2253 ιδῃ-1698.

234 2316 377 2376 Nicolaus
392 2313 557 2393 lligaltius‚
581 2312 670 2373 codd.
688 2316 768 2375 MSS.
784 2314 864 2381 Pitb.
885 2330 915 2376 et
931 2318 1071 2377 Remens.
1092 2318 1221 2393 collator

194 2403 286 2484 hujus
302 2404 397 2462 aetatis
410 2403 550 2483 princeps
561 2415 613 2460 est.
629 2402 727 2462 blulta
740 2420 884 2486 praeterea
898 2405 988 2465 debet
999 2404 1148 2471 Phaedtus
1159 2412 1221 2481 curi

194 2494 332 2549 virorum
345 2487 436 2569 hujus
450 2490 546 2547 aetatis
558 2488 820 2567 doctissimorum,
832 2493 939 2568 Fabri,
955 2494 1074 2568 limini,
1088 2495 1221 2563 Proschii

194 2575 409 2650 freinshemii‚
431 2577 538 2650 ll'asii,
559 2579 678 2654 Arrenii,
702 2584 834 2651 irraxime
849 2581 1009 2657 Scbefferi,
1034 2584 1219 2666 praechred

193 2663 371 2723 fabularum
381 2665 526 2745 scriptore
539 2666 648 2724 meriti.

675 2788 759 2864 1617.

232 2903 359 2961 Pannm
372 2904 446 2982 Aug.
457 2900 510 2960 lib.
519 2901 582 2960 fab.
596 2902 742 2983 AEsopiar.
757 2902 809 2960 lib.
820 2903 857 2977 V,
871 2924 953 2964 nova
964 2905 1069 2966 editio.
1080 2907 1173 2968 Oliva
1180 2911 1216 2970 lit

194 2992 269 3053 berti
283 2988 435 3072 Stephani.
449 2993 548 3062 Poris,
566 2991 649 3069 1617,
664 2989 749 3065 ΙΙΙ-40.

232 3081 335 3140 Editio
347 3081 467 3162 Rigaltii
479 3081 505 3139 ΙΙ
517 3101 638 3163 perrara
649 3094 677 3137 et
688 3077 784 3137 nitide
793 3082 873 3162 typis
886 3080 1037 3163 descripta
1049 3081 1213 3164 majoribus

193 3171 294 3230 fasciis
304 3174 482 3252 marginum
491 3169 658 3249 litterisque
668 3168 849 3251 capitalibus
863 3171 997 3228 miniatis
1007 3169 1153 3235 distincta
1165 3195 1212 3234 cut

193 3262 275 3318 notis
288 3260 411 3340 Rigaltii
426 3257 657 3342 posterioribus.
671 3259 758 3315 Hanc
771 3257 938 3317 editionem
950 3274 1144 3337 contextum,
1157 3284 1173 3322 a
1187 3263 1211 3323 p

190 3345 316 3409 thoeano
331 3371 395 3409 non
409 3370 478 3407 raro
489 3347 657 3418 diversum,
675 3344 817 3406 exhibere
829 3368 921 3429 supra
933 3347 1010 3420 dixi3
1030 3349 1061 3406 id
1076 3351 1177 3433 quod,
1185 3350 1211 3433 jn

193 3436 313 3496 dicante
325 3438 532 3511 Desbillonio,
545 3458 610 3497 non
623 3452 685 3494 tam
699 3436 863 3495 diversitati
877 3437 1019 3496 codicum
1031 3442 1126 3520 quam
1140 3441 1210 3502 editt

193 3526 233 3583 ris
247 3525 368 3584 libidini
379 3523 612 3585 adscribendum
625 3538 682 3597 est,
696 3526 747 3605 qui
759 3527 898 3604 quamvis
907 3545 986 3606 saepe
996 3546 1014 3583 a
1023 3530 1210 3612 manuscript

193 3611 260 3670 cod.
277 3615 430 3686 demensi,
443 3632 506 3693 quo
520 3612 618 3692 prima
633 3612 738 3677 siccin
750 3610 930 3674 adornanda
942 3610 999 3668 lrac
1013 3611 1150 3674 editione
1161 3634 1210 3675 usn

192 3714 235 3759 est
249 3700 324 3777 (vid.
339 3720 410 3759 ann.
427 3703 515 3783 1599)
528 3700 662 3757 diversus
677 3699 798 3770 abierit,
813 3714 842 3756 et
855 3698 1008 3759 nonnulla
1020 3702 1114 3759 etiam
1129 3715 1209 3765 aucte

193 3792 234 3848 ris
255 3789 361 3860 verba,
384 3788 466 3848 malo
483 3808 606 3870 prorsus
621 3788 760 3869 exemplo
778 3790 929 3862 omiserit,
950 3786 1030 3847 nilril
1049 3805 1153 3848 tamen
1172 3789 1209 3849 fet

191 3897 321 3958 usquam
331 3874 474 3956 superbis
485 3875 640 3949 disseruit,
650 3874 833 3933 lectoremve
843 3876 1045 3934 commonuit.
1057 3876 1105 3935 Cf.
1117 3876 1209 3937 [lesbi

192 3967 265 4025 lonii
285 3964 363 4045 disp.
380 3964 422 4022 ΙΙΙ
443 3966 492 4022 cit.
517 3985 586 4044 pag.
606 3983 680 4021 xxn.
702 3965 807 4044 ltaque
822 3961 887 4043 jam
909 3963 984 4022 olirn
1007 3979 1086 4022 recte
1107 3965 1208 4049 optabi

191 4051 361 4113 Schefferus
374 4052 406 4108 in
421 4050 506 4130 praef.
520 4049 558 4107 ad
574 4049 653 4108 Edit.
668 4051 712 4124 ll,
730 4049 925 4124 fabularum,
944 4065 975 4108 ut
990 4052 1022 4108 in
1037 4049 1095 4109 hac
1110 4050 1208 4132 Rigalt

190 4144 336 4217 editione,
346 4160 414 4223 quae
427 4160 529 4197 revera
539 4156 636 4198 essent
645 4161 679 4198 ex
691 4141 829 4197 lientensi
841 4140 944 4198 codiee
956 4139 1154 4223 deprompta,
1165 4160 1208 4222 qui

192 4235 321 4294 subnata
326 4253 361 4292 ex
369 4229 493 4311 Rigaltii
499 4227 632 4309 judicio,
641 4250 677 4289 ea
686 4229 865 4292 certioribus
876 4229 996 4289 indiciis
1006 4249 1207 4313 compareren
