2820 5018
507 408 562 476 in
586 406 862 475 vonunrnr
885 406 911 475 1.
1170 406 1244 498 ⁵⁶9·

183 572 248 616 non
260 552 371 617 vidisse
378 572 514 616 cervum.
526 554 639 616 Sumsit
649 565 753 614 autem
764 572 801 615 ex
810 552 943 637 Virgilio
954 553 992 615 G.
1004 554 1048 630 11,
1060 555 1109 635 96.
1124 547 1233 639 Scleff.

183 645 244 704 Nee
256 644 318 706 ideo
332 645 428 726 igitur
439 643 625 727 capiendum
636 664 711 727 pro,
726 663 780 704 nec
790 654 898 704 tomen
911 645 1002 705 Hisce
1011 644 1088 705 adde
1098 665 1167 726 quse
1176 663 1235 705 no·

183 745 229 793 tut
242 733 360 794 Censor
372 734 424 815 (in
437 735 472 793 Δ.
486 734 520 792 1..
538 732 569 793 Z.
582 733 653 793 Hal.
672 732 761 805 1805,
776 740 815 793 n⁰
829 734 902 808 258,
919 756 948 815 p.
965 730 1061 812 ow:
1075 733 1127 794 der
1136 729 1236 794 Betiti·

183 818 248 879 scie
261 820 366 881 Gmnd
374 820 485 881 scheint
494 841 550 880 uns
560 818 643 879 mehr
650 818 813 901 spitzfindiq
826 818 871 880 als
883 819 1089 902 iibenenqeud.
1104 822 1148 881 W
1145 840 1231 879 arum

182 906 237 967 soil
249 909 317 969 ideo
329 908 411 970 nicht
422 930 479 969 uon
490 907 542 969 der
554 907 665 969 diessen
680 907 897 992 Verantassunq
913 923 1013 992 qesaqt
1027 909 1142 969 werden
1159 906 1232 968 liin·

181 999 261 1056 nen?
272 997 323 1058 der
332 1002 362 1058 K
363 998 450 1059 necht
458 996 553 1080 brinql
563 996 646 1058 Laud
652 1043 661 1071 ,
672 995 735 1056 und
742 995 815 1056 sieht
824 996 874 1056 iim
885 996 990 1057 dorum
1002 994 1131 1056 dennocli
1142 994 1233 1057 nicht.

223 1085 274 1144 Vs.
287 1087 324 1146 23
338 1106 382 1168 sq.
399 1084 493 1146 tollere
504 1084 565 1146 haec
575 1106 686 1145 aranea
696 1097 840 1166 quantum
851 1099 893 1146 est
906 1084 1033 1145 laboris?
1044 1083 1161 1144 Oertel:
1176 1086 1232 1144 Die

182 1173 392 1255 Spinoeweben
400 1174 439 1234 da
448 1174 633 1256 wcqzuthun,
642 1177 720 1234 wdre
728 1173 808 1234 wohl
815 1173 891 1238 auci
901 1178 964 1236 eine
972 1173 1123 1257 qeuoltiqe
1132 1171 1233 1232 Ardeit

183 1264 324 1342 qewesen!

589 1360 829 1422 EPlLOGUS.

222 1520 274 1580 Vs.
290 1541 318 1580 a.
333 1531 442 1581 oeterm
452 1522 484 1580 in
498 1519 568 1580 bosi.
584 1518 642 1580 Alii
653 1519 734 1581 male
746 1521 874 1603 capiunt
885 1523 916 1581 τὸ
929 1518 992 1581 basi
1003 1520 1234 1603 synecdochice,

182 1631 239 1693 pro
260 1623 375 1685 statua,
395 1624 431 1670 ut
449 1609 488 1670 sit
505 1629 575 1692 pars
592 1631 649 1692 pro
667 1622 749 1685 toto;
774 1624 908 1670 statuum
927 1629 999 1670 vero
1019 1623 1158 1670 aetemam
1172 1611 1233 1672 dici

181 1696 371 1772 existimant,
382 1698 454 1777 quia
466 1697 613 1778 praeberet
622 1698 741 1758 famam
750 1719 870 1780 semper
879 1697 1071 1759 duraturam.
1082 1699 1152 1759 Non
1162 1700 1237 1759 satis
1351 1692 1354 1696 ⁴

182 1801 324 1848 accurate
338 1784 369 1846 h.
389 1786 410 1847 l.
426 1786 597 1846 Oertelius:
620 1786 691 1847 Und
702 1799 795 1846 setzen
806 1785 859 1845 das
874 1783 1034 1847 Staudbild
1045 1784 1094 1845 des
1107 1784 1234 1846 Sliauen

181 1877 294 1959 aufein
304 1879 465 1958 verewiqles
479 1873 593 1935 Gestell.
608 1874 656 1935 Cf.
671 1877 774 1937 Notas.

222 1966 306 2027 Vers.
328 1965 358 2028 3.
378 1962 507 2025 Bothius
528 1963 679 2045 rescripsit
695 1986 703 2022 τ
720 1967 823 2024 Patere
839 1961 955 2022 honoris
969 1966 1074 2024 scirent
1090 1975 1122 2023 ut
1138 1965 1235 2023 cuncti

181 2055 275 2129 vienn,
292 2053 403 2135 rejecto
423 2050 550 2112 Bentleii
567 2045 681 2110 honori.
697 2050 776 2109 Nam
798 2052 876 2109 uiam
897 2048 1014 2123 honori,
1036 2049 1120 2130 quod
1142 2050 1234 2109 inter·

183 2156 336 2224 pretatur,
350 2145 429 2203 viam
439 2140 480 2200 ad
487 2139 640 2213 honorem,
654 2139 731 2200 dure
740 2154 771 2200 et
783 2139 917 2212 insolite,
933 2138 960 2198 ei
971 2138 1088 2199 dictum
1099 2139 1234 2214 videtur,

182 2253 281 2313 quum
301 2236 350 2292 via
368 2230 479 2303 laudis,
500 2232 548 2289 uia
568 2228 668 2310 qioriae
688 2231 802 2309 passim
826 2228 970 2310 legantur
992 2228 1076 2311 apud
1100 2230 1236 2310 optimos

182 2340 321 2401 quosque
335 2318 505 2400 scriptores.
521 2314 643 2375 Accedit
659 2314 771 2375 Bothio
793 2316 907 2376 Censor
922 2314 1029 2376 doctus
1050 2315 1084 2374 in
1100 2317 1134 2374 Α.
1152 2318 1186 2375 L.
1201 2315 1236 2375 Ζ.

187 2409 276 2482 1805,
293 2415 330 2467 n⁰
342 2406 414 2479 258,
431 2426 460 2485 p.
476 2400 546 2477 fild.

223 2499 274 2557 Vs.
289 2497 305 2556 5
320 2517 364 2578 sq.
385 2495 478 2554 Hunc
498 2492 602 2552 locum
620 2490 763 2551 Heinsius
774 2492 845 2550 Not.
860 2491 900 2550 ad
914 2490 1004 2550 Ovid.
1019 2490 1072 2565 lv,
1093 2492 1151 2573 Ep.
1166 2511 1236 2566 xvi,

184 2588 237 2663 30,
256 2609 291 2648 ex
309 2590 426 2659 Ponto,
441 2583 533 2645 refert
547 2581 586 2642 ad
601 2582 711 2642 Caium
727 2581 865 2642 Cilnium
876 2582 1049 2657 Melissum,
1060 2583 1236 2644 Maecenatis

180 2674 341 2749 libertum,
361 2695 453 2755 quem
471 2672 551 2732 Suet.
567 2670 607 2731 de
621 2668 666 2729 ill.
683 2671 823 2730 Gramm.
839 2691 892 2745 nr,
913 2671 994 2730 inter
1008 2669 1235 2731 Grammaticos

181 2778 328 2840 recenset,
340 2777 370 2824 et
382 2765 516 2843 Togatas
525 2781 596 2820 eum
606 2758 733 2820 edidisse
746 2757 865 2842 prodit,
876 2781 954 2841 quas
964 2760 1151 2842 inscripserit
1164 2763 1236 2819 Tm·

182 2851 293 2925 beatas,
317 2851 452 2910 addens:
477 2851 603 2929 «Atque
621 2861 656 2906 ut
678 2849 743 2928 ipse
763 2847 872 2922 tradit,
896 2848 1115 2927 sexagesimum
1139 2848 1235 2907 aetatis

180 2962 301 3002 annum
313 2959 422 3020 agens,
435 2935 543 2996 libellos
555 2939 745 3017 ineptiarum,
758 2937 811 3017 qui
823 2956 908 2995 nunc
917 2938 1053 2996 Jocorum
1062 2937 1235 2998 inscribun-

180 3043 246 3101 tur,
260 3045 442 3110 componere
453 3023 598 3097 instituit,
613 3022 807 3103 absolvitque
818 3036 942 3083 centum
953 3036 983 3083 et
992 3024 1235 3104 quinquaginta,

181 3119 293 3198 quibus
314 3129 343 3176 et
363 3114 439 3174 alios
457 3112 591 3172 diversos
609 3124 714 3193 postea
733 3111 861 3171 addidit.
872 3136 887 3167 s
910 3112 962 3171 lsti
981 3123 1084 3171 autem
1098 3115 1234 3173 docorum

181 3205 275 3264 libelli
296 3203 422 3263 Heinsio
442 3200 613 3262 constitisse
631 3200 775 3260 videntur
795 3222 830 3260 ex
852 3200 993 3282 Apologis
1018 3200 1178 3281 AEsopicis,
1202 3200 1234 3260 id

179 3296 263 3355 enim
283 3290 437 3353 scribendi
453 3310 549 3370 genus
560 3285 645 3371 jocos
662 3310 786 3349 vocasse
800 3303 922 3349 veteres.
944 3289 990 3348 Sic
1011 3286 1178 3347 Plraedrum
1196 3287 1236 3349 de

181 3405 212 3444 se
226 3383 353 3465 passim3
373 3378 445 3439 hinc
461 3377 544 3459 apud
561 3376 735 3437 Martialem
754 3376 877 3458 improbi
883 3373 967 3458 jocos
982 3374 1099 3435 Pluedri
1103 3399 1115 3449 ;
1135 3389 1169 3435 ut
1183 3373 1235 3436 hie

179 3471 303 3532 Phaedri
316 3470 400 3531 locus
415 3467 555 3528 videatur
567 3466 784 3547 intelligendus
797 3466 836 3525 de
849 3464 979 3525 Melisso.
996 3466 1086 3525 Recte
1097 3464 1235 3525 dissentit

179 3561 392 3634 Burmannus,
412 3556 545 3617 scribens
562 3579 568 3615 :
594 3557 657 3615 uEt
671 3556 799 3615 Ovidius
813 3568 842 3614 et
853 3554 1004 3615 Martialis
1019 3575 1074 3613 sua
1090 3569 1233 3634 poemata

179 3644 256 3720 iocos
267 3645 428 3730 etjoeosum
441 3646 561 3704 Musam
575 3657 701 3719 vocant,
715 3664 771 3703 nec
784 3657 888 3704 tamen
902 3643 1022 3703 fabulas
1037 3643 1233 3724 scripserunt.

181 3734 301 3793 Deinde
312 3756 342 3794 se
352 3736 462 3814 AEsopo
471 3746 644 3814 comparat,
657 3752 723 3791 non
733 3733 846 3792 Latino
856 3745 970 3813 poem,
983 3730 1145 3791 Phaedrus:
1159 3751 1233 3790 nam

181 3842 254 3882 mox
265 3823 298 3881 in
308 3820 366 3882 hoc
377 3822 528 3882 scribendi
542 3843 653 3903 genere
663 3835 822 3882 sectatores
834 3843 865 3881 se
876 3820 1056 3880 habiturum
1067 3819 1235 3901 gloriatur,

180 3913 297 3970 Latium
316 3908 410 3990 plnres
425 3908 554 3984 habebit,
574 3932 646 3993 qnos
664 3923 791 3992 opponat
806 3912 939 3983 Gaeciae,
962 3912 1004 3969 ita
1029 3923 1063 3968 ut
1081 3923 1231 3988 tanquam

180 4014 288 4060 auctor
307 3996 399 4077 hujus
418 3999 569 4060 scribendi
587 4003 705 4082 generis
724 4001 794 4060 velit
815 3999 920 4060 haberi
940 4000 1023 4081 apud
1042 4001 1229 4057 Romanos„

181 4092 278 4171 Atque
289 4087 381 4146 etiam
396 4089 585 4169 Canneqieter
599 4092 677 4149 Diss.
690 4091 727 4150 de
741 4091 859 4150 Aviano
872 4112 897 4148 c.
916 4091 955 4164 x,
970 4112 999 4171 p.
1016 4088 1074 4150 268
1088 4111 1148 4170 sq.,
1160 4109 1229 4169 quae

178 4193 224 4239 est
242 4177 279 4236 ad
295 4175 408 4237 calcem
424 4176 576 4238 Editionis
593 4179 717 4254 Aviani,
734 4200 798 4240 uon
816 4179 882 4240 sine
896 4199 1000 4239 caussa
1017 4190 1108 4257 negat
1124 4191 1231 4236 contra
