<?xml version="1.0" encoding="UTF-8"?>
<!DOCTYPE html PUBLIC "-//W3C//DTD XHTML 1.0 Transitional//EN"
    "http://www.w3.org/TR/xhtml1/DTD/xhtml1-transitional.dtd">
<html xmlns="http://www.w3.org/1999/xhtml" xml:lang="en" lang="en">
 <head>
  <title>
</title>
<meta http-equiv="Content-Type" content="text/html;charset=utf-8" />
  <meta name='ocr-system' content='tesseract 3.04.00' />
  <meta name='ocr-capabilities' content='ocr_page ocr_carea ocr_par ocr_line ocrx_word'/>
</head>
<body>
  <div class='ocr_page' id='page_1' title='image "./phdrifabularums00jacogoog_0197.png"; bbox 0 0 2820 5018; ppageno 0'>
   <div class='ocr_carea' id='block_1_1' title="bbox 222 431 1131 526">
    <p class='ocr_par' dir='ltr' id='par_1_1' title="bbox 222 431 1131 526">
     <span class='ocr_line' id='line_1_1' title="bbox 222 431 1131 526; baseline 0.006 -25"><span class='ocrx_word' id='word_1_1' title='bbox 222 435 282 526; x_wconf 67' lang='grc' dir='ltr'>ηε</span> <span class='ocrx_word' id='word_1_2' title='bbox 346 432 528 501; x_wconf 77' lang='lat' dir='ltr'>rasos</span> <span class='ocrx_word' id='word_1_3' title='bbox 553 431 850 501; x_wconf 79' lang='lat' dir='ltr'>nasnrmous</span> <span class='ocrx_word' id='word_1_4' title='bbox 873 436 1131 506; x_wconf 74' lang='lat' dir='ltr'>ranrtrto.</span> 
     </span>
    </p>
   </div>
   <div class='ocr_carea' id='block_1_2' title="bbox 212 573 1263 2155">
    <p class='ocr_par' dir='ltr' id='par_1_2' title="bbox 215 573 1263 1001">
     <span class='ocr_line' id='line_1_2' title="bbox 216 573 1262 658; baseline 0.008 -23"><span class='ocrx_word' id='word_1_5' title='bbox 216 589 284 637; x_wconf 87' lang='lat' dir='ltr'>tur:</span> <span class='ocrx_word' id='word_1_6' title='bbox 302 590 346 651; x_wconf 86' lang='lat' dir='ltr'>et,</span> <span class='ocrx_word' id='word_1_7' title='bbox 365 578 499 636; x_wconf 84' lang='lat' dir='ltr'>nominor</span> <span class='ocrx_word' id='word_1_8' title='bbox 509 576 581 654; x_wconf 80' lang='lat' dir='ltr'>quia</span> <span class='ocrx_word' id='word_1_9' title='bbox 596 576 703 647; x_wconf 82' lang='lat' dir='ltr'>Creon,</span> <span class='ocrx_word' id='word_1_10' title='bbox 720 573 802 635; x_wconf 88' lang='lat' dir='ltr'>idem</span> <span class='ocrx_word' id='word_1_11' title='bbox 820 596 884 637; x_wconf 82' lang='lat' dir='ltr'>etse</span> <span class='ocrx_word' id='word_1_12' title='bbox 897 598 947 651; x_wconf 88' lang='lat' dir='ltr'>ac,</span> <span class='ocrx_word' id='word_1_13' title='bbox 963 581 1034 655; x_wconf 76' lang='lat' dir='ltr'>grtia</span> <span class='ocrx_word' id='word_1_14' title='bbox 1046 600 1099 640; x_wconf 78' lang='lat' dir='ltr'>rex</span> <span class='ocrx_word' id='word_1_15' title='bbox 1112 582 1262 658; x_wconf 62' lang='lat' dir='ltr'>nominem</span> 
     </span>
     <span class='ocr_line' id='line_1_3' title="bbox 216 664 1263 750; baseline 0.005 -24"><span class='ocrx_word' id='word_1_16' title='bbox 216 679 260 741; x_wconf 86' lang='lat' dir='ltr'>et,</span> <span class='ocrx_word' id='word_1_17' title='bbox 279 666 368 727; x_wconf 76' lang='lat' dir='ltr'>Creon</span> <span class='ocrx_word' id='word_1_18' title='bbox 380 675 410 723; x_wconf 90' lang='lat' dir='ltr'>et</span> <span class='ocrx_word' id='word_1_19' title='bbox 428 664 547 733; x_wconf 80' lang='lat' dir='ltr'>Cmua,</span> <span class='ocrx_word' id='word_1_20' title='bbox 566 683 638 744; x_wconf 90' lang='lat' dir='ltr'>pro,</span> <span class='ocrx_word' id='word_1_21' title='bbox 653 665 715 722; x_wconf 83' lang='lat' dir='ltr'>Rex</span> <span class='ocrx_word' id='word_1_22' title='bbox 730 677 760 721; x_wconf 92' lang='lat' dir='ltr'>et</span> <span class='ocrx_word' id='word_1_23' title='bbox 776 666 900 745; x_wconf 77' lang='lat' dir='ltr'>Rapina,</span> <span class='ocrx_word' id='word_1_24' title='bbox 914 680 992 726; x_wconf 86' lang='lat' dir='ltr'>recte</span> <span class='ocrx_word' id='word_1_25' title='bbox 1004 666 1068 727; x_wconf 89' lang='lat' dir='ltr'>dici</span> <span class='ocrx_word' id='word_1_26' title='bbox 1084 688 1178 750; x_wconf 84' lang='lat' dir='ltr'>posse</span> <span class='ocrx_word' id='word_1_27' title='bbox 1192 690 1263 731; x_wconf 90' lang='lat' dir='ltr'>con·</span> 
     </span>
     <span class='ocr_line' id='line_1_4' title="bbox 215 749 1261 838; baseline 0.004 -26"><span class='ocrx_word' id='word_1_28' title='bbox 215 751 324 813; x_wconf 88' lang='lat' dir='ltr'>tendit.</span> <span class='ocrx_word' id='word_1_29' title='bbox 343 752 379 811; x_wconf 77' lang='lat' dir='ltr'>dt</span> <span class='ocrx_word' id='word_1_30' title='bbox 401 751 425 810; x_wconf 91' lang='lat' dir='ltr'>si</span> <span class='ocrx_word' id='word_1_31' title='bbox 447 752 510 809; x_wconf 88' lang='lat' dir='ltr'>Leo</span> <span class='ocrx_word' id='word_1_32' title='bbox 528 765 607 809; x_wconf 83' lang='lat' dir='ltr'>recte</span> <span class='ocrx_word' id='word_1_33' title='bbox 623 749 682 809; x_wconf 90' lang='lat' dir='ltr'>dici</span> <span class='ocrx_word' id='word_1_34' title='bbox 701 762 814 831; x_wconf 84' lang='lat' dir='ltr'>potest,</span> <span class='ocrx_word' id='word_1_35' title='bbox 835 752 939 822; x_wconf 63' lang='lat' dir='ltr'>cmo,</span> <span class='ocrx_word' id='word_1_36' title='bbox 955 753 1060 815; x_wconf 85' lang='lat' dir='ltr'>licebit</span> <span class='ocrx_word' id='word_1_37' title='bbox 1077 776 1156 836; x_wconf 89' lang='lat' dir='ltr'>ergo</span> <span class='ocrx_word' id='word_1_38' title='bbox 1175 758 1261 838; x_wconf 76' lang='lat' dir='ltr'>Aqui·</span> 
     </span>
     <span class='ocr_line' id='line_1_5' title="bbox 215 838 1260 925; baseline 0.004 -24"><span class='ocrx_word' id='word_1_39' title='bbox 215 840 279 901; x_wconf 87' lang='lat' dir='ltr'>lam</span> <span class='ocrx_word' id='word_1_40' title='bbox 292 860 417 920; x_wconf 87' lang='lat' dir='ltr'>quoque</span> <span class='ocrx_word' id='word_1_41' title='bbox 429 858 552 912; x_wconf 87' lang='lat' dir='ltr'>vocare,</span> <span class='ocrx_word' id='word_1_42' title='bbox 562 839 715 900; x_wconf 79' lang='lat' dir='ltr'>Creusam:</span> <span class='ocrx_word' id='word_1_43' title='bbox 730 838 814 917; x_wconf 88' lang='lat' dir='ltr'>quod</span> <span class='ocrx_word' id='word_1_44' title='bbox 828 859 935 900; x_wconf 84' lang='lat' dir='ltr'>vereor</span> <span class='ocrx_word' id='word_1_45' title='bbox 946 841 1101 923; x_wconf 81' lang='lat' dir='ltr'>profecto,</span> <span class='ocrx_word' id='word_1_46' title='bbox 1115 844 1175 925; x_wconf 85' lang='lat' dir='ltr'>qui</span> <span class='ocrx_word' id='word_1_47' title='bbox 1186 844 1260 905; x_wconf 82' lang='lat' dir='ltr'>serio</span> 
     </span>
     <span class='ocr_line' id='line_1_6' title="bbox 215 924 977 1001; baseline 0 -14"><span class='ocrx_word' id='word_1_48' title='bbox 215 925 341 1001; x_wconf 81' lang='lat' dir='ltr'>dixerit,</span> <span class='ocrx_word' id='word_1_49' title='bbox 355 941 390 986; x_wconf 90' lang='lat' dir='ltr'>ut</span> <span class='ocrx_word' id='word_1_50' title='bbox 401 924 498 985; x_wconf 88' lang='lat' dir='ltr'>homo</span> <span class='ocrx_word' id='word_1_51' title='bbox 513 927 584 985; x_wconf 89' lang='lat' dir='ltr'>satis</span> <span class='ocrx_word' id='word_1_52' title='bbox 596 948 688 986; x_wconf 89' lang='lat' dir='ltr'>sanus</span> <span class='ocrx_word' id='word_1_53' title='bbox 700 927 918 987; x_wconf 72' lang='lat' dir='ltr'>existimandus</span> <span class='ocrx_word' id='word_1_54' title='bbox 929 929 977 988; x_wconf 88' lang='lat' dir='ltr'>sit.</span> 
     </span>
    </p>

    <p class='ocr_par' dir='ltr' id='par_1_3' title="bbox 212 1014 1259 2155">
     <span class='ocr_line' id='line_1_7' title="bbox 255 1014 1259 1102; baseline 0.004 -26"><span class='ocrx_word' id='word_1_55' title='bbox 255 1017 362 1093; x_wconf 89' lang='lat' dir='ltr'>Quum</span> <span class='ocrx_word' id='word_1_56' title='bbox 374 1014 507 1075; x_wconf 89' lang='lat' dir='ltr'>crederet</span> <span class='ocrx_word' id='word_1_57' title='bbox 518 1017 715 1075; x_wconf 81' lang='lat' dir='ltr'>Burmannus</span> <span class='ocrx_word' id='word_1_58' title='bbox 728 1037 816 1076; x_wconf 87' lang='lat' dir='ltr'>suam</span> <span class='ocrx_word' id='word_1_59' title='bbox 832 1016 936 1077; x_wconf 91' lang='lat' dir='ltr'>denno</span> <span class='ocrx_word' id='word_1_60' title='bbox 947 1038 1074 1101; x_wconf 90' lang='lat' dir='ltr'>operam</span> <span class='ocrx_word' id='word_1_61' title='bbox 1089 1020 1209 1102; x_wconf 78' lang='lat' dir='ltr'>reposci</span> <span class='ocrx_word' id='word_1_62' title='bbox 1223 1020 1259 1080; x_wconf 79' lang='lat' dir='ltr'>ab</span> 
     </span>
     <span class='ocr_line' id='line_1_8' title="bbox 215 1103 1258 1186; baseline 0.002 -21"><span class='ocrx_word' id='word_1_63' title='bbox 215 1108 345 1165; x_wconf 78' lang='lat' dir='ltr'>Auctore</span> <span class='ocrx_word' id='word_1_64' title='bbox 360 1118 480 1177; x_wconf 83' lang='lat' dir='ltr'>nostro,</span> <span class='ocrx_word' id='word_1_65' title='bbox 492 1116 527 1161; x_wconf 89' lang='lat' dir='ltr'>ut</span> <span class='ocrx_word' id='word_1_66' title='bbox 540 1103 757 1185; x_wconf 86' lang='lat' dir='ltr'>perpoliretur,</span> <span class='ocrx_word' id='word_1_67' title='bbox 769 1118 799 1162; x_wconf 91' lang='lat' dir='ltr'>et</span> <span class='ocrx_word' id='word_1_68' title='bbox 810 1103 850 1163; x_wconf 89' lang='lat' dir='ltr'>ab</span> <span class='ocrx_word' id='word_1_69' title='bbox 860 1105 1039 1186; x_wconf 90' lang='lat' dir='ltr'>importuna</span> <span class='ocrx_word' id='word_1_70' title='bbox 1054 1105 1258 1186; x_wconf 79' lang='lat' dir='ltr'>quorumdem</span> 
     </span>
     <span class='ocr_line' id='line_1_9' title="bbox 215 1191 1257 1275; baseline 0.001 -23"><span class='ocrx_word' id='word_1_71' title='bbox 215 1192 401 1252; x_wconf 87' lang='lat' dir='ltr'>Criticorum</span> <span class='ocrx_word' id='word_1_72' title='bbox 421 1192 581 1250; x_wconf 85' lang='lat' dir='ltr'>vexatione</span> <span class='ocrx_word' id='word_1_73' title='bbox 598 1191 818 1265; x_wconf 81' lang='lat' dir='ltr'>vindicaretur,</span> <span class='ocrx_word' id='word_1_74' title='bbox 835 1192 937 1273; x_wconf 88' lang='lat' dir='ltr'>ipsum</span> <span class='ocrx_word' id='word_1_75' title='bbox 955 1192 1154 1273; x_wconf 87' lang='lat' dir='ltr'>diligentius,</span> <span class='ocrx_word' id='word_1_76' title='bbox 1170 1212 1257 1275; x_wconf 76' lang='lat' dir='ltr'>qum</span> 
     </span>
     <span class='ocr_line' id='line_1_10' title="bbox 215 1278 1258 1363; baseline -0.002 -20"><span class='ocrx_word' id='word_1_77' title='bbox 215 1294 320 1355; x_wconf 82' lang='lat' dir='ltr'>antea,</span> <span class='ocrx_word' id='word_1_78' title='bbox 329 1279 492 1341; x_wconf 84' lang='lat' dir='ltr'>emendare</span> <span class='ocrx_word' id='word_1_79' title='bbox 504 1278 634 1354; x_wconf 80' lang='lat' dir='ltr'>studuit,</span> <span class='ocrx_word' id='word_1_80' title='bbox 647 1294 676 1339; x_wconf 88' lang='lat' dir='ltr'>et</span> <span class='ocrx_word' id='word_1_81' title='bbox 687 1281 910 1340; x_wconf 87' lang='lat' dir='ltr'>commentario</span> <span class='ocrx_word' id='word_1_82' title='bbox 921 1281 1119 1363; x_wconf 87' lang='lat' dir='ltr'>amplissimo</span> <span class='ocrx_word' id='word_1_83' title='bbox 1127 1300 1258 1343; x_wconf 87' lang='lat' dir='ltr'>commu·</span> 
     </span>
     <span class='ocr_line' id='line_1_11' title="bbox 215 1367 1257 1451; baseline 0.001 -21"><span class='ocrx_word' id='word_1_84' title='bbox 215 1373 333 1444; x_wconf 91' lang='lat' dir='ltr'>nitum,</span> <span class='ocrx_word' id='word_1_85' title='bbox 349 1368 451 1429; x_wconf 79' lang='lat' dir='ltr'>Leidae</span> <span class='ocrx_word' id='word_1_86' title='bbox 468 1367 546 1444; x_wconf 69' lang='lat' dir='ltr'>in-lp⁰</span> <span class='ocrx_word' id='word_1_87' title='bbox 560 1390 645 1430; x_wconf 91' lang='lat' dir='ltr'>anno</span> <span class='ocrx_word' id='word_1_88' title='bbox 665 1391 737 1451; x_wconf 78' lang='lat'>¹7²7</span> <span class='ocrx_word' id='word_1_89' title='bbox 754 1369 858 1430; x_wconf 84' lang='lat' dir='ltr'>edidit.</span> <span class='ocrx_word' id='word_1_90' title='bbox 874 1372 1023 1446; x_wconf 86' lang='lat' dir='ltr'>Quamvis</span> <span class='ocrx_word' id='word_1_91' title='bbox 1040 1384 1146 1430; x_wconf 89' lang='lat' dir='ltr'>autem</span> <span class='ocrx_word' id='word_1_92' title='bbox 1161 1372 1192 1431; x_wconf 92' lang='lat' dir='ltr'>iu</span> <span class='ocrx_word' id='word_1_93' title='bbox 1205 1368 1257 1431; x_wconf 79' lang='lat' dir='ltr'>hac</span> 
     </span>
     <span class='ocr_line' id='line_1_12' title="bbox 215 1455 1255 1541; baseline -0.003 -21"><span class='ocrx_word' id='word_1_94' title='bbox 215 1459 350 1520; x_wconf 86' lang='lat' dir='ltr'>editione</span> <span class='ocrx_word' id='word_1_95' title='bbox 362 1458 458 1540; x_wconf 91' lang='lat' dir='ltr'>paulo</span> <span class='ocrx_word' id='word_1_96' title='bbox 475 1457 553 1518; x_wconf 81' lang='lat' dir='ltr'>forte</span> <span class='ocrx_word' id='word_1_97' title='bbox 567 1459 822 1541; x_wconf 88' lang='lat' dir='ltr'>intemperantius</span> <span class='ocrx_word' id='word_1_98' title='bbox 837 1455 995 1529; x_wconf 77' lang='lat' dir='ltr'>effuderit,</span> <span class='ocrx_word' id='word_1_99' title='bbox 1013 1457 1169 1540; x_wconf 88' lang='lat' dir='ltr'>quidquid</span> <span class='ocrx_word' id='word_1_100' title='bbox 1179 1479 1197 1517; x_wconf 85' lang='lat' dir='ltr'>e</span> <span class='ocrx_word' id='word_1_101' title='bbox 1207 1478 1255 1517; x_wconf 78' lang='lat' dir='ltr'>va·</span> 
     </span>
     <span class='ocr_line' id='line_1_13' title="bbox 215 1544 1256 1625; baseline -0.002 -19"><span class='ocrx_word' id='word_1_102' title='bbox 215 1546 267 1606; x_wconf 90' lang='lat' dir='ltr'>riis</span> <span class='ocrx_word' id='word_1_103' title='bbox 286 1546 469 1606; x_wconf 79' lang='lat' dir='ltr'>Auctoribus</span> <span class='ocrx_word' id='word_1_104' title='bbox 485 1560 678 1625; x_wconf 82' lang='lat' dir='ltr'>excerptum,</span> <span class='ocrx_word' id='word_1_105' title='bbox 693 1556 722 1601; x_wconf 88' lang='lat' dir='ltr'>et</span> <span class='ocrx_word' id='word_1_106' title='bbox 737 1547 769 1602; x_wconf 94' lang='lat' dir='ltr'>in</span> <span class='ocrx_word' id='word_1_107' title='bbox 786 1565 868 1624; x_wconf 91' lang='lat' dir='ltr'>penu</span> <span class='ocrx_word' id='word_1_108' title='bbox 886 1564 942 1603; x_wconf 84' lang='lat' dir='ltr'>suo</span> <span class='ocrx_word' id='word_1_109' title='bbox 958 1545 1109 1606; x_wconf 84' lang='lat' dir='ltr'>Literario</span> <span class='ocrx_word' id='word_1_110' title='bbox 1126 1544 1256 1605; x_wconf 88' lang='lat' dir='ltr'>recondi·</span> 
     </span>
     <span class='ocr_line' id='line_1_14' title="bbox 214 1630 1256 1715; baseline -0.004 -19"><span class='ocrx_word' id='word_1_111' title='bbox 214 1650 297 1709; x_wconf 90' lang='lat' dir='ltr'>tum,</span> <span class='ocrx_word' id='word_1_112' title='bbox 316 1633 354 1694; x_wconf 93' lang='lat' dir='ltr'>ad</span> <span class='ocrx_word' id='word_1_113' title='bbox 373 1633 502 1693; x_wconf 87' lang='lat' dir='ltr'>fabellas</span> <span class='ocrx_word' id='word_1_114' title='bbox 521 1630 643 1692; x_wconf 76' lang='lat' dir='ltr'>Phaedri</span> <span class='ocrx_word' id='word_1_115' title='bbox 661 1632 882 1691; x_wconf 85' lang='lat' dir='ltr'>suffulciendas</span> <span class='ocrx_word' id='word_1_116' title='bbox 903 1646 1010 1715; x_wconf 88' lang='lat' dir='ltr'>aptum</span> <span class='ocrx_word' id='word_1_117' title='bbox 1032 1633 1101 1695; x_wconf 89' lang='lat' dir='ltr'>fore</span> <span class='ocrx_word' id='word_1_118' title='bbox 1118 1632 1256 1705; x_wconf 86' lang='lat' dir='ltr'>credidit;</span> 
     </span>
     <span class='ocr_line' id='line_1_15' title="bbox 214 1720 1256 1808; baseline -0.002 -23"><span class='ocrx_word' id='word_1_119' title='bbox 214 1725 355 1808; x_wconf 85' lang='lat' dir='ltr'>quamvis</span> <span class='ocrx_word' id='word_1_120' title='bbox 374 1721 551 1783; x_wconf 85' lang='lat' dir='ltr'>testimonia</span> <span class='ocrx_word' id='word_1_121' title='bbox 569 1721 714 1780; x_wconf 85' lang='lat' dir='ltr'>Veterum</span> <span class='ocrx_word' id='word_1_122' title='bbox 733 1720 864 1781; x_wconf 88' lang='lat' dir='ltr'>adducat</span> <span class='ocrx_word' id='word_1_123' title='bbox 882 1721 994 1796; x_wconf 79' lang='lat' dir='ltr'>mults,</span> <span class='ocrx_word' id='word_1_124' title='bbox 1014 1743 1085 1803; x_wconf 77' lang='lat' dir='ltr'>quar</span> <span class='ocrx_word' id='word_1_125' title='bbox 1105 1722 1167 1783; x_wconf 85' lang='lat' dir='ltr'>fere</span> <span class='ocrx_word' id='word_1_126' title='bbox 1181 1720 1256 1783; x_wconf 88' lang='lat' dir='ltr'>nibil</span> 
     </span>
     <span class='ocr_line' id='line_1_16' title="bbox 214 1807 1254 1896; baseline -0.003 -22"><span class='ocrx_word' id='word_1_127' title='bbox 214 1811 353 1896; x_wconf 89' lang='lat' dir='ltr'>apposite</span> <span class='ocrx_word' id='word_1_128' title='bbox 364 1809 402 1870; x_wconf 92' lang='lat' dir='ltr'>ad</span> <span class='ocrx_word' id='word_1_129' title='bbox 418 1809 557 1868; x_wconf 77' lang='lat' dir='ltr'>Auctoris</span> <span class='ocrx_word' id='word_1_130' title='bbox 573 1808 622 1867; x_wconf 84' lang='lat' dir='ltr'>rel</span> <span class='ocrx_word' id='word_1_131' title='bbox 638 1807 833 1888; x_wconf 87' lang='lat' dir='ltr'>explicandas</span> <span class='ocrx_word' id='word_1_132' title='bbox 847 1809 1018 1871; x_wconf 89' lang='lat' dir='ltr'>locutiones</span> <span class='ocrx_word' id='word_1_133' title='bbox 1033 1811 1195 1885; x_wconf 83' lang='lat' dir='ltr'>obscuras,</span> <span class='ocrx_word' id='word_1_134' title='bbox 1211 1809 1254 1871; x_wconf 81' lang='lat' dir='ltr'>rel</span> 
     </span>
     <span class='ocr_line' id='line_1_17' title="bbox 213 1894 1255 1980; baseline -0.002 -19"><span class='ocrx_word' id='word_1_135' title='bbox 213 1894 480 1980; x_wconf 89' lang='lat' dir='ltr'>comprobandam</span> <span class='ocrx_word' id='word_1_136' title='bbox 493 1896 705 1963; x_wconf 78' lang='lat' dir='ltr'>Latinitatem,</span> <span class='ocrx_word' id='word_1_137' title='bbox 720 1895 898 1970; x_wconf 81' lang='lat' dir='ltr'>conferant3</span> <span class='ocrx_word' id='word_1_138' title='bbox 917 1911 947 1957; x_wconf 87' lang='lat' dir='ltr'>et</span> <span class='ocrx_word' id='word_1_139' title='bbox 957 1897 1156 1978; x_wconf 79' lang='lat' dir='ltr'>longissimas</span> <span class='ocrx_word' id='word_1_140' title='bbox 1169 1899 1255 1959; x_wconf 81' lang='lat' dir='ltr'>etiam</span> 
     </span>
     <span class='ocr_line' id='line_1_18' title="bbox 212 1981 1255 2069; baseline -0.001 -23"><span class='ocrx_word' id='word_1_141' title='bbox 212 1985 451 2068; x_wconf 76' lang='lat' dir='ltr'>disputationes,</span> <span class='ocrx_word' id='word_1_142' title='bbox 461 2002 531 2064; x_wconf 81' lang='lat' dir='ltr'>quta</span> <span class='ocrx_word' id='word_1_143' title='bbox 546 2004 657 2065; x_wconf 90' lang='lat' dir='ltr'>parum</span> <span class='ocrx_word' id='word_1_144' title='bbox 671 1981 709 2041; x_wconf 92' lang='lat' dir='ltr'>ad</span> <span class='ocrx_word' id='word_1_145' title='bbox 722 2003 785 2042; x_wconf 90' lang='lat' dir='ltr'>rem</span> <span class='ocrx_word' id='word_1_146' title='bbox 798 1983 968 2065; x_wconf 88' lang='lat' dir='ltr'>aliquando</span> <span class='ocrx_word' id='word_1_147' title='bbox 978 1988 1170 2069; x_wconf 88' lang='lat' dir='ltr'>pertineant,</span> <span class='ocrx_word' id='word_1_148' title='bbox 1181 1985 1255 2045; x_wconf 86' lang='lat' dir='ltr'>insti·</span> 
     </span>
     <span class='ocr_line' id='line_1_19' title="bbox 212 2069 1254 2155; baseline -0.005 -20"><span class='ocrx_word' id='word_1_149' title='bbox 212 2088 293 2145; x_wconf 86' lang='lat' dir='ltr'>tuat,</span> <span class='ocrx_word' id='word_1_150' title='bbox 305 2093 480 2153; x_wconf 87' lang='lat' dir='ltr'>magnaque</span> <span class='ocrx_word' id='word_1_151' title='bbox 491 2083 522 2131; x_wconf 88' lang='lat' dir='ltr'>et</span> <span class='ocrx_word' id='word_1_152' title='bbox 533 2069 656 2130; x_wconf 86' lang='lat' dir='ltr'>infinita</span> <span class='ocrx_word' id='word_1_153' title='bbox 672 2073 871 2132; x_wconf 83' lang='lat' dir='ltr'>contentione</span> <span class='ocrx_word' id='word_1_154' title='bbox 884 2089 1099 2154; x_wconf 72' lang='lat' dir='ltr'>persequatur,</span> <span class='ocrx_word' id='word_1_155' title='bbox 1114 2088 1206 2155; x_wconf 83' lang='lat' dir='ltr'>atque</span> <span class='ocrx_word' id='word_1_156' title='bbox 1217 2073 1254 2131; x_wconf 80' lang='lat' dir='ltr'>itt</span> 
     </span>
    </p>
   </div>
   <div class='ocr_carea' id='block_1_3' title="bbox 211 2160 1255 2511">
    <p class='ocr_par' dir='ltr' id='par_1_4' title="bbox 211 2160 1255 2511">
     <span class='ocr_line' id='line_1_20' title="bbox 213 2160 1255 2239; baseline 0.001 -18"><span class='ocrx_word' id='word_1_157' title='bbox 213 2182 277 2222; x_wconf 90' lang='lat' dir='ltr'>non</span> <span class='ocrx_word' id='word_1_158' title='bbox 292 2181 390 2220; x_wconf 90' lang='lat' dir='ltr'>unum</span> <span class='ocrx_word' id='word_1_159' title='bbox 403 2160 521 2232; x_wconf 89' lang='lat' dir='ltr'>locum,</span> <span class='ocrx_word' id='word_1_160' title='bbox 536 2179 629 2239; x_wconf 90' lang='lat' dir='ltr'>quem</span> <span class='ocrx_word' id='word_1_161' title='bbox 641 2173 803 2219; x_wconf 87' lang='lat' dir='ltr'>vocaverat</span> <span class='ocrx_word' id='word_1_162' title='bbox 815 2161 847 2219; x_wconf 89' lang='lat' dir='ltr'>iu</span> <span class='ocrx_word' id='word_1_163' title='bbox 862 2161 1122 2237; x_wconf 79' lang='lat' dir='ltr'>controversiam,</span> <span class='ocrx_word' id='word_1_164' title='bbox 1133 2164 1255 2221; x_wconf 81' lang='lat' dir='ltr'>immen-</span> 
     </span>
     <span class='ocr_line' id='line_1_21' title="bbox 212 2246 1254 2327; baseline -0.002 -18"><span class='ocrx_word' id='word_1_165' title='bbox 212 2249 252 2310; x_wconf 88' lang='lat' dir='ltr'>sis</span> <span class='ocrx_word' id='word_1_166' title='bbox 264 2247 414 2309; x_wconf 77' lang='lat' dir='ltr'>doctrinae</span> <span class='ocrx_word' id='word_1_167' title='bbox 425 2247 513 2327; x_wconf 87' lang='lat' dir='ltr'>quasi</span> <span class='ocrx_word' id='word_1_168' title='bbox 525 2246 805 2307; x_wconf 85' lang='lat' dir='ltr'>substructionibus</span> <span class='ocrx_word' id='word_1_169' title='bbox 819 2247 930 2308; x_wconf 85' lang='lat' dir='ltr'>obruat</span> <span class='ocrx_word' id='word_1_170' title='bbox 942 2260 972 2307; x_wconf 91' lang='lat' dir='ltr'>et</span> <span class='ocrx_word' id='word_1_171' title='bbox 983 2247 1022 2307; x_wconf 93' lang='lat' dir='ltr'>ad</span> <span class='ocrx_word' id='word_1_172' title='bbox 1035 2262 1206 2309; x_wconf 83' lang='lat' dir='ltr'>extremum</span> <span class='ocrx_word' id='word_1_173' title='bbox 1216 2267 1254 2307; x_wconf 82' lang='lat' dir='ltr'>re·</span> 
     </span>
     <span class='ocr_line' id='line_1_22' title="bbox 211 2334 1254 2421; baseline 0.002 -24"><span class='ocrx_word' id='word_1_174' title='bbox 211 2336 334 2417; x_wconf 88' lang='lat' dir='ltr'>linquat</span> <span class='ocrx_word' id='word_1_175' title='bbox 358 2335 486 2395; x_wconf 90' lang='lat' dir='ltr'>minime</span> <span class='ocrx_word' id='word_1_176' title='bbox 508 2334 725 2415; x_wconf 85' lang='lat' dir='ltr'>explanatum:</span> <span class='ocrx_word' id='word_1_177' title='bbox 754 2348 904 2411; x_wconf 89' lang='lat' dir='ltr'>attamen,</span> <span class='ocrx_word' id='word_1_178' title='bbox 928 2339 952 2396; x_wconf 87' lang='lat' dir='ltr'>si</span> <span class='ocrx_word' id='word_1_179' title='bbox 972 2337 1029 2396; x_wconf 85' lang='lat' dir='ltr'>rite</span> <span class='ocrx_word' id='word_1_180' title='bbox 1048 2337 1254 2421; x_wconf 78' lang='lat' dir='ltr'>expendantur</span> 
     </span>
     <span class='ocr_line' id='line_1_23' title="bbox 212 2423 1253 2511; baseline 0.002 -24"><span class='ocrx_word' id='word_1_181' title='bbox 212 2427 320 2487; x_wconf 88' lang='lat' dir='ltr'>omnia</span> <span class='ocrx_word' id='word_1_182' title='bbox 328 2423 469 2507; x_wconf 88' lang='lat' dir='ltr'>justeque</span> <span class='ocrx_word' id='word_1_183' title='bbox 485 2440 738 2506; x_wconf 83' lang='lat' dir='ltr'>compensentur,</span> <span class='ocrx_word' id='word_1_184' title='bbox 754 2446 820 2486; x_wconf 90' lang='lat' dir='ltr'>non</span> <span class='ocrx_word' id='word_1_185' title='bbox 834 2427 959 2497; x_wconf 89' lang='lat' dir='ltr'>dubito,</span> <span class='ocrx_word' id='word_1_186' title='bbox 972 2429 1050 2506; x_wconf 91' lang='lat' dir='ltr'>quin</span> <span class='ocrx_word' id='word_1_187' title='bbox 1062 2429 1170 2511; x_wconf 85' lang='lat' dir='ltr'>peritis</span> <span class='ocrx_word' id='word_1_188' title='bbox 1184 2426 1253 2489; x_wconf 72' lang='lat' dir='ltr'>esti</span> 
     </span>
    </p>
   </div>
   <div class='ocr_carea' id='block_1_4' title="bbox 204 2513 1253 4284">
    <p class='ocr_par' dir='ltr' id='par_1_5' title="bbox 204 2513 1253 4284">
     <span class='ocr_line' id='line_1_24' title="bbox 212 2513 1252 2597; baseline -0.002 -22"><span class='ocrx_word' id='word_1_189' title='bbox 212 2514 383 2575; x_wconf 84' lang='lat' dir='ltr'>matoribus</span> <span class='ocrx_word' id='word_1_190' title='bbox 395 2532 474 2594; x_wconf 92' lang='lat' dir='ltr'>opus</span> <span class='ocrx_word' id='word_1_191' title='bbox 491 2513 669 2572; x_wconf 83' lang='lat' dir='ltr'>universum</span> <span class='ocrx_word' id='word_1_192' title='bbox 689 2513 780 2574; x_wconf 86' lang='lat' dir='ltr'>laude</span> <span class='ocrx_word' id='word_1_193' title='bbox 797 2514 946 2596; x_wconf 73' lang='lat' dir='ltr'>singulari</span> <span class='ocrx_word' id='word_1_194' title='bbox 962 2515 1095 2597; x_wconf 89' lang='lat' dir='ltr'>dignum</span> <span class='ocrx_word' id='word_1_195' title='bbox 1112 2516 1252 2577; x_wconf 78' lang='lat' dir='ltr'>videam.</span> 
     </span>
     <span class='ocr_line' id='line_1_25' title="bbox 211 2601 1252 2683; baseline 0 -20"><span class='ocrx_word' id='word_1_196' title='bbox 211 2603 278 2683; x_wconf 84' lang='lat' dir='ltr'>Bgu</span> <span class='ocrx_word' id='word_1_197' title='bbox 290 2615 369 2661; x_wconf 86' lang='lat' dir='ltr'>certe</span> <span class='ocrx_word' id='word_1_198' title='bbox 381 2601 614 2674; x_wconf 90' lang='lat' dir='ltr'>Literatoribus,</span> <span class='ocrx_word' id='word_1_199' title='bbox 632 2603 685 2680; x_wconf 90' lang='lat' dir='ltr'>qui</span> <span class='ocrx_word' id='word_1_200' title='bbox 702 2604 777 2662; x_wconf 87' lang='lat' dir='ltr'>sein</span> <span class='ocrx_word' id='word_1_201' title='bbox 791 2618 854 2663; x_wconf 82' lang='lat' dir='ltr'>ane</span> <span class='ocrx_word' id='word_1_202' title='bbox 870 2604 973 2664; x_wconf 90' lang='lat' dir='ltr'>critica</span> <span class='ocrx_word' id='word_1_203' title='bbox 987 2626 1126 2667; x_wconf 79' lang='lat' dir='ltr'>exercere</span> <span class='ocrx_word' id='word_1_204' title='bbox 1140 2618 1252 2677; x_wconf 88' lang='lat' dir='ltr'>amant,</span> 
     </span>
     <span class='ocr_line' id='line_1_26' title="bbox 211 2689 1253 2778; baseline 0.005 -27"><span class='ocrx_word' id='word_1_205' title='bbox 211 2689 363 2764; x_wconf 86' lang='lat' dir='ltr'>suadebo,</span> <span class='ocrx_word' id='word_1_206' title='bbox 382 2702 417 2750; x_wconf 91' lang='lat' dir='ltr'>ut</span> <span class='ocrx_word' id='word_1_207' title='bbox 435 2690 701 2751; x_wconf 86' lang='lat' dir='ltr'>Commentarium</span> <span class='ocrx_word' id='word_1_208' title='bbox 720 2690 803 2753; x_wconf 87' lang='lat' dir='ltr'>hunc</span> <span class='ocrx_word' id='word_1_209' title='bbox 822 2695 991 2753; x_wconf 91' lang='lat' dir='ltr'>Burmanni</span> <span class='ocrx_word' id='word_1_210' title='bbox 1015 2709 1118 2757; x_wconf 91' lang='lat' dir='ltr'>totum</span> <span class='ocrx_word' id='word_1_211' title='bbox 1140 2714 1253 2778; x_wconf 85' lang='lat' dir='ltr'>percur-</span> 
     </span>
     <span class='ocr_line' id='line_1_27' title="bbox 210 2780 1217 2866; baseline 0.001 -25"><span class='ocrx_word' id='word_1_212' title='bbox 210 2794 296 2851; x_wconf 85' lang='lat' dir='ltr'>raut;</span> <span class='ocrx_word' id='word_1_213' title='bbox 306 2798 512 2859; x_wconf 88' lang='lat' dir='ltr'>magnamquc</span> <span class='ocrx_word' id='word_1_214' title='bbox 524 2799 560 2838; x_wconf 84' lang='lat' dir='ltr'>ex</span> <span class='ocrx_word' id='word_1_215' title='bbox 570 2799 607 2837; x_wconf 93' lang='lat' dir='ltr'>eo</span> <span class='ocrx_word' id='word_1_216' title='bbox 623 2780 785 2841; x_wconf 87' lang='lat' dir='ltr'>utilitatem</span> <span class='ocrx_word' id='word_1_217' title='bbox 798 2797 973 2865; x_wconf 89' lang='lat' dir='ltr'>perceptum</span> <span class='ocrx_word' id='word_1_218' title='bbox 987 2786 1023 2843; x_wconf 85' lang='lat' dir='ltr'>iri</span> <span class='ocrx_word' id='word_1_219' title='bbox 1037 2786 1217 2866; x_wconf 81' lang='lat' dir='ltr'>pollicebar.</span> 
     </span>
     <span class='ocr_line' id='line_1_28' title="bbox 250 2866 1250 2957; baseline 0.004 -30"><span class='ocrx_word' id='word_1_220' title='bbox 250 2869 356 2953; x_wconf 86' lang='lat' dir='ltr'>lpsum</span> <span class='ocrx_word' id='word_1_221' title='bbox 369 2881 471 2926; x_wconf 91' lang='lat' dir='ltr'>autem</span> <span class='ocrx_word' id='word_1_222' title='bbox 484 2866 522 2925; x_wconf 88' lang='lat' dir='ltr'>ad</span> <span class='ocrx_word' id='word_1_223' title='bbox 534 2867 736 2929; x_wconf 86' lang='lat' dir='ltr'>exantlandos</span> <span class='ocrx_word' id='word_1_224' title='bbox 754 2884 903 2931; x_wconf 87' lang='lat' dir='ltr'>extremos</span> <span class='ocrx_word' id='word_1_225' title='bbox 922 2871 991 2931; x_wconf 87' lang='lat' dir='ltr'>illos</span> <span class='ocrx_word' id='word_1_226' title='bbox 1006 2872 1129 2933; x_wconf 79' lang='lat' dir='ltr'>laboret</span> <span class='ocrx_word' id='word_1_227' title='bbox 1148 2892 1250 2957; x_wconf 89' lang='lat' dir='ltr'>perpu-</span> 
     </span>
     <span class='ocr_line' id='line_1_29' title="bbox 212 2955 1250 3040; baseline 0.003 -22"><span class='ocrx_word' id='word_1_228' title='bbox 212 2958 325 3033; x_wconf 86' lang='lat' dir='ltr'>lerant,</span> <span class='ocrx_word' id='word_1_229' title='bbox 336 2978 435 3040; x_wconf 92' lang='lat' dir='ltr'>quum</span> <span class='ocrx_word' id='word_1_230' title='bbox 452 2955 547 3016; x_wconf 90' lang='lat' dir='ltr'>editio</span> <span class='ocrx_word' id='word_1_231' title='bbox 560 2955 682 3016; x_wconf 72' lang='lat' dir='ltr'>Phaedri</span> <span class='ocrx_word' id='word_1_232' title='bbox 697 2956 880 3019; x_wconf 83' lang='lat' dir='ltr'>aBiclrardo</span> <span class='ocrx_word' id='word_1_233' title='bbox 896 2958 1034 3021; x_wconf 88' lang='lat' dir='ltr'>Bentleio</span> <span class='ocrx_word' id='word_1_234' title='bbox 1055 2963 1250 3031; x_wconf 80' lang='lat' dir='ltr'>concinnata,</span> 
     </span>
     <span class='ocr_line' id='line_1_30' title="bbox 209 3045 1248 3134; baseline 0 -27"><span class='ocrx_word' id='word_1_235' title='bbox 209 3058 277 3107; x_wconf 90' lang='lat' dir='ltr'>tum</span> <span class='ocrx_word' id='word_1_236' title='bbox 293 3045 444 3106; x_wconf 85' lang='lat' dir='ltr'>Francisci</span> <span class='ocrx_word' id='word_1_237' title='bbox 466 3047 548 3104; x_wconf 74' lang='lat' dir='ltr'>Ham</span> <span class='ocrx_word' id='word_1_238' title='bbox 564 3045 693 3126; x_wconf 87' lang='lat' dir='ltr'>epistola</span> <span class='ocrx_word' id='word_1_239' title='bbox 710 3046 846 3106; x_wconf 86' lang='lat' dir='ltr'>Londini</span> <span class='ocrx_word' id='word_1_240' title='bbox 862 3045 938 3123; x_wconf 64' lang='lat' dir='ltr'>ind⁰</span> <span class='ocrx_word' id='word_1_241' title='bbox 954 3070 1040 3108; x_wconf 90' lang='lat' dir='ltr'>anno</span> <span class='ocrx_word' id='word_1_242' title='bbox 1058 3051 1136 3132; x_wconf 77' lang='lat'>1726</span> <span class='ocrx_word' id='word_1_243' title='bbox 1156 3048 1248 3134; x_wconf 89' lang='lat' dir='ltr'>publi·</span> 
     </span>
     <span class='ocr_line' id='line_1_31' title="bbox 208 3133 1248 3216; baseline 0.003 -22"><span class='ocrx_word' id='word_1_244' title='bbox 208 3150 290 3209; x_wconf 88' lang='lat' dir='ltr'>cata,</span> <span class='ocrx_word' id='word_1_245' title='bbox 307 3157 369 3216; x_wconf 92' lang='lat' dir='ltr'>qua</span> <span class='ocrx_word' id='word_1_246' title='bbox 385 3148 475 3194; x_wconf 88' lang='lat' dir='ltr'>notas</span> <span class='ocrx_word' id='word_1_247' title='bbox 493 3133 544 3193; x_wconf 87' lang='lat' dir='ltr'>ille</span> <span class='ocrx_word' id='word_1_248' title='bbox 561 3155 595 3193; x_wconf 91' lang='lat' dir='ltr'>ac</span> <span class='ocrx_word' id='word_1_249' title='bbox 611 3134 842 3196; x_wconf 86' lang='lat' dir='ltr'>emendationes</span> <span class='ocrx_word' id='word_1_250' title='bbox 861 3137 987 3197; x_wconf 87' lang='lat' dir='ltr'>Bentleii</span> <span class='ocrx_word' id='word_1_251' title='bbox 1005 3141 1194 3201; x_wconf 85' lang='lat' dir='ltr'>severissime</span> <span class='ocrx_word' id='word_1_252' title='bbox 1208 3158 1248 3197; x_wconf 83' lang='lat' dir='ltr'>ex·</span> 
     </span>
     <span class='ocr_line' id='line_1_32' title="bbox 209 3221 1248 3306; baseline 0.001 -23"><span class='ocrx_word' id='word_1_253' title='bbox 209 3221 333 3306; x_wconf 88' lang='lat' dir='ltr'>pendit,</span> <span class='ocrx_word' id='word_1_254' title='bbox 357 3221 494 3281; x_wconf 83' lang='lat' dir='ltr'>offensus</span> <span class='ocrx_word' id='word_1_255' title='bbox 515 3221 628 3281; x_wconf 85' lang='lat' dir='ltr'>scilicet</span> <span class='ocrx_word' id='word_1_256' title='bbox 650 3221 865 3303; x_wconf 87' lang='lat' dir='ltr'>infensusque,</span> <span class='ocrx_word' id='word_1_257' title='bbox 886 3225 969 3303; x_wconf 91' lang='lat' dir='ltr'>quod</span> <span class='ocrx_word' id='word_1_258' title='bbox 992 3240 1169 3288; x_wconf 84' lang='lat' dir='ltr'>accuratam</span> <span class='ocrx_word' id='word_1_259' title='bbox 1188 3247 1205 3285; x_wconf 87' lang='lat' dir='ltr'>a</span> <span class='ocrx_word' id='word_1_260' title='bbox 1221 3243 1248 3284; x_wconf 84' lang='lat' dir='ltr'>se</span> 
     </span>
     <span class='ocr_line' id='line_1_33' title="bbox 207 3308 1245 3395; baseline 0.002 -26"><span class='ocrx_word' id='word_1_261' title='bbox 207 3309 340 3370; x_wconf 87' lang='lat' dir='ltr'>Terentii</span> <span class='ocrx_word' id='word_1_262' title='bbox 359 3308 525 3369; x_wconf 92' lang='lat' dir='ltr'>editionem</span> <span class='ocrx_word' id='word_1_263' title='bbox 544 3311 686 3391; x_wconf 90' lang='lat' dir='ltr'>opposita</span> <span class='ocrx_word' id='word_1_264' title='bbox 704 3310 858 3371; x_wconf 85' lang='lat' dir='ltr'>Bentleius</span> <span class='ocrx_word' id='word_1_265' title='bbox 878 3313 1017 3374; x_wconf 77' lang='lat' dir='ltr'>Auctoris</span> <span class='ocrx_word' id='word_1_266' title='bbox 1037 3310 1177 3395; x_wconf 77' lang='lat' dir='ltr'>ejusde-m</span> <span class='ocrx_word' id='word_1_267' title='bbox 1192 3310 1245 3373; x_wconf 83' lang='lat' dir='ltr'>edi·</span> 
     </span>
     <span class='ocr_line' id='line_1_34' title="bbox 209 3395 1246 3483; baseline 0.009 -28"><span class='ocrx_word' id='word_1_268' title='bbox 209 3397 294 3455; x_wconf 88' lang='lat' dir='ltr'>tione</span> <span class='ocrx_word' id='word_1_269' title='bbox 311 3417 392 3455; x_wconf 88' lang='lat' dir='ltr'>nova</span> <span class='ocrx_word' id='word_1_270' title='bbox 408 3395 605 3477; x_wconf 76' lang='lat' dir='ltr'>suggillasset.</span> <span class='ocrx_word' id='word_1_271' title='bbox 625 3397 797 3477; x_wconf 88' lang='lat' dir='ltr'>Utmmque</span> <span class='ocrx_word' id='word_1_272' title='bbox 815 3421 910 3481; x_wconf 86' lang='lat' dir='ltr'>porro</span> <span class='ocrx_word' id='word_1_273' title='bbox 929 3400 1027 3483; x_wconf 88' lang='lat' dir='ltr'>carpit</span> <span class='ocrx_word' id='word_1_274' title='bbox 1043 3404 1246 3473; x_wconf 77' lang='lat' dir='ltr'>Burmannus,</span> 
     </span>
     <span class='ocr_line' id='line_1_35' title="bbox 207 3483 1243 3570; baseline 0.008 -25"><span class='ocrx_word' id='word_1_275' title='bbox 207 3483 352 3555; x_wconf 89' lang='lat' dir='ltr'>alterum,</span> <span class='ocrx_word' id='word_1_276' title='bbox 370 3483 453 3563; x_wconf 88' lang='lat' dir='ltr'>quod</span> <span class='ocrx_word' id='word_1_277' title='bbox 471 3504 581 3564; x_wconf 90' lang='lat' dir='ltr'>parum</span> <span class='ocrx_word' id='word_1_278' title='bbox 596 3488 725 3546; x_wconf 90' lang='lat' dir='ltr'>comiter</span> <span class='ocrx_word' id='word_1_279' title='bbox 740 3508 843 3548; x_wconf 88' lang='lat' dir='ltr'>secum</span> <span class='ocrx_word' id='word_1_280' title='bbox 858 3492 953 3570; x_wconf 85' lang='lat' dir='ltr'>egerit</span> <span class='ocrx_word' id='word_1_281' title='bbox 969 3491 1002 3549; x_wconf 90' lang='lat' dir='ltr'>in</span> <span class='ocrx_word' id='word_1_282' title='bbox 1018 3490 1157 3552; x_wconf 86' lang='lat' dir='ltr'>editione</span> <span class='ocrx_word' id='word_1_283' title='bbox 1172 3488 1243 3552; x_wconf 67' lang='lat' dir='ltr'>Pte</span> 
     </span>
     <span class='ocr_line' id='line_1_36' title="bbox 207 3570 1242 3655; baseline 0.005 -23"><span class='ocrx_word' id='word_1_284' title='bbox 207 3573 271 3644; x_wconf 82' lang='lat' dir='ltr'>dri3</span> <span class='ocrx_word' id='word_1_285' title='bbox 287 3570 417 3631; x_wconf 89' lang='lat' dir='ltr'>altemm</span> <span class='ocrx_word' id='word_1_286' title='bbox 431 3585 548 3646; x_wconf 89' lang='lat' dir='ltr'>autem,</span> <span class='ocrx_word' id='word_1_287' title='bbox 564 3573 647 3653; x_wconf 88' lang='lat' dir='ltr'>quod</span> <span class='ocrx_word' id='word_1_288' title='bbox 663 3595 763 3655; x_wconf 87' lang='lat' dir='ltr'>neque</span> <span class='ocrx_word' id='word_1_289' title='bbox 776 3579 847 3636; x_wconf 82' lang='lat' dir='ltr'>satis</span> <span class='ocrx_word' id='word_1_290' title='bbox 862 3593 941 3637; x_wconf 90' lang='lat' dir='ltr'>recte</span> <span class='ocrx_word' id='word_1_291' title='bbox 956 3579 1242 3641; x_wconf 74' lang='lat' dir='ltr'>animadvertissent</span> 
     </span>
     <span class='ocr_line' id='line_1_37' title="bbox 207 3659 1241 3748; baseline 0.011 -29"><span class='ocrx_word' id='word_1_292' title='bbox 207 3659 391 3732; x_wconf 89' lang='lat' dir='ltr'>Bentleium,</span> <span class='ocrx_word' id='word_1_293' title='bbox 408 3679 506 3740; x_wconf 91' lang='lat' dir='ltr'>neque</span> <span class='ocrx_word' id='word_1_294' title='bbox 518 3660 555 3720; x_wconf 90' lang='lat' dir='ltr'>de</span> <span class='ocrx_word' id='word_1_295' title='bbox 567 3682 598 3719; x_wconf 88' lang='lat' dir='ltr'>se</span> <span class='ocrx_word' id='word_1_296' title='bbox 609 3663 679 3720; x_wconf 86' lang='lat' dir='ltr'>satis</span> <span class='ocrx_word' id='word_1_297' title='bbox 691 3661 861 3727; x_wconf 87' lang='lat' dir='ltr'>honorifice</span> <span class='ocrx_word' id='word_1_298' title='bbox 873 3666 998 3727; x_wconf 80' lang='lat' dir='ltr'>sensisse</span> <span class='ocrx_word' id='word_1_299' title='bbox 1009 3666 1166 3729; x_wconf 85' lang='lat' dir='ltr'>videatur:</span> <span class='ocrx_word' id='word_1_300' title='bbox 1178 3685 1241 3748; x_wconf 76' lang='lat' dir='ltr'>ergo</span> 
     </span>
     <span class='ocr_line' id='line_1_38' title="bbox 207 3750 1239 3838; baseline 0.011 -29"><span class='ocrx_word' id='word_1_301' title='bbox 207 3751 320 3832; x_wconf 87' lang='lat' dir='ltr'>passim</span> <span class='ocrx_word' id='word_1_302' title='bbox 335 3750 367 3807; x_wconf 94' lang='lat' dir='ltr'>in</span> <span class='ocrx_word' id='word_1_303' title='bbox 385 3750 443 3807; x_wconf 89' lang='lat' dir='ltr'>isto</span> <span class='ocrx_word' id='word_1_304' title='bbox 461 3770 544 3808; x_wconf 89' lang='lat' dir='ltr'>novo</span> <span class='ocrx_word' id='word_1_305' title='bbox 559 3751 792 3813; x_wconf 88' lang='lat' dir='ltr'>Commentario</span> <span class='ocrx_word' id='word_1_306' title='bbox 806 3753 899 3814; x_wconf 87' lang='lat' dir='ltr'>ethic</span> <span class='ocrx_word' id='word_1_307' title='bbox 915 3755 1010 3815; x_wconf 82' lang='lat' dir='ltr'>atille</span> <span class='ocrx_word' id='word_1_308' title='bbox 1025 3759 1142 3838; x_wconf 88' lang='lat' dir='ltr'>pariter</span> <span class='ocrx_word' id='word_1_309' title='bbox 1156 3756 1239 3837; x_wconf 73' lang='lat' dir='ltr'>emgl-</span> 
     </span>
     <span class='ocr_line' id='line_1_39' title="bbox 206 3838 1238 3928; baseline 0.009 -30"><span class='ocrx_word' id='word_1_310' title='bbox 206 3852 321 3899; x_wconf 89' lang='lat' dir='ltr'>tantur.</span> <span class='ocrx_word' id='word_1_311' title='bbox 336 3840 382 3897; x_wconf 88' lang='lat' dir='ltr'>Dc</span> <span class='ocrx_word' id='word_1_312' title='bbox 399 3838 525 3898; x_wconf 91' lang='lat' dir='ltr'>Bentleii</span> <span class='ocrx_word' id='word_1_313' title='bbox 538 3839 685 3916; x_wconf 84' lang='lat' dir='ltr'>editione,</span> <span class='ocrx_word' id='word_1_314' title='bbox 703 3864 771 3923; x_wconf 76' lang='lat' dir='ltr'>qma</span> <span class='ocrx_word' id='word_1_315' title='bbox 786 3864 871 3903; x_wconf 90' lang='lat' dir='ltr'>anno</span> <span class='ocrx_word' id='word_1_316' title='bbox 892 3846 981 3928; x_wconf 82' lang='lat'>1726,</span> <span class='ocrx_word' id='word_1_317' title='bbox 998 3847 1031 3905; x_wconf 91' lang='lat' dir='ltr'>in</span> <span class='ocrx_word' id='word_1_318' title='bbox 1045 3844 1079 3921; x_wconf 64' lang='lat'>4⁰</span> <span class='ocrx_word' id='word_1_319' title='bbox 1094 3846 1238 3909; x_wconf 85' lang='lat' dir='ltr'>Cantabn&#39;·</span> 
     </span>
     <span class='ocr_line' id='line_1_40' title="bbox 206 3924 1236 4008; baseline 0.006 -23"><span class='ocrx_word' id='word_1_320' title='bbox 206 3927 263 4008; x_wconf 84' lang='lat' dir='ltr'>giae</span> <span class='ocrx_word' id='word_1_321' title='bbox 282 3924 411 4007; x_wconf 90' lang='lat' dir='ltr'>prodiit,</span> <span class='ocrx_word' id='word_1_322' title='bbox 434 3925 510 3986; x_wconf 89' lang='lat' dir='ltr'>nihil</span> <span class='ocrx_word' id='word_1_323' title='bbox 533 3926 696 3988; x_wconf 81' lang='lat' dir='ltr'>disseram:</span> <span class='ocrx_word' id='word_1_324' title='bbox 721 3945 753 3990; x_wconf 90' lang='lat' dir='ltr'>at</span> <span class='ocrx_word' id='word_1_325' title='bbox 773 3932 922 4007; x_wconf 85' lang='lat' dir='ltr'>monebo,</span> <span class='ocrx_word' id='word_1_326' title='bbox 943 3950 1003 3993; x_wconf 86' lang='lat' dir='ltr'>tres</span> <span class='ocrx_word' id='word_1_327' title='bbox 1023 3947 1147 3996; x_wconf 89' lang='lat' dir='ltr'>tantum</span> <span class='ocrx_word' id='word_1_328' title='bbox 1166 3938 1196 3995; x_wconf 88' lang='lat' dir='ltr'>in</span> <span class='ocrx_word' id='word_1_329' title='bbox 1210 3951 1236 3991; x_wconf 83' lang='lat' dir='ltr'>ea</span> 
     </span>
     <span class='ocr_line' id='line_1_41' title="bbox 206 4011 1158 4104; baseline 0.012 -30"><span class='ocrx_word' id='word_1_330' title='bbox 206 4027 375 4097; x_wconf 86' lang='lat' dir='ltr'>quatuorve</span> <span class='ocrx_word' id='word_1_331' title='bbox 386 4011 511 4074; x_wconf 85' lang='lat' dir='ltr'>fabellas</span> <span class='ocrx_word' id='word_1_332' title='bbox 524 4016 669 4090; x_wconf 87' lang='lat' dir='ltr'>inveniri,</span> <span class='ocrx_word' id='word_1_333' title='bbox 684 4040 760 4100; x_wconf 87' lang='lat' dir='ltr'>quas</span> <span class='ocrx_word' id='word_1_334' title='bbox 775 4019 826 4079; x_wconf 89' lang='lat' dir='ltr'>ille</span> <span class='ocrx_word' id='word_1_335' title='bbox 840 4041 903 4080; x_wconf 93' lang='lat' dir='ltr'>non</span> <span class='ocrx_word' id='word_1_336' title='bbox 918 4023 1158 4104; x_wconf 81' lang='lat' dir='ltr'>interpolaverit.</span> 
     </span>
     <span class='ocr_line' id='line_1_42' title="bbox 244 4104 1232 4196; baseline 0.011 -33"><span class='ocrx_word' id='word_1_337' title='bbox 244 4104 353 4165; x_wconf 87' lang='lat' dir='ltr'>Tribus</span> <span class='ocrx_word' id='word_1_338' title='bbox 375 4105 464 4164; x_wconf 85' lang='lat' dir='ltr'>annis</span> <span class='ocrx_word' id='word_1_339' title='bbox 493 4120 561 4187; x_wconf 85' lang='lat' dir='ltr'>post</span> <span class='ocrx_word' id='word_1_340' title='bbox 584 4109 716 4188; x_wconf 89' lang='lat' dir='ltr'>primam</span> <span class='ocrx_word' id='word_1_341' title='bbox 741 4111 911 4170; x_wconf 88' lang='lat' dir='ltr'>Burmanni</span> <span class='ocrx_word' id='word_1_342' title='bbox 939 4110 1107 4174; x_wconf 90' lang='lat' dir='ltr'>editionem</span> <span class='ocrx_word' id='word_1_343' title='bbox 1135 4109 1232 4196; x_wconf 66' lang='lat' dir='ltr'>pratilli</span> 
     </span>
     <span class='ocr_line' id='line_1_43' title="bbox 204 4194 1230 4284; baseline 0.008 -29"><span class='ocrx_word' id='word_1_344' title='bbox 204 4194 350 4256; x_wconf 81' lang='lat' dir='ltr'>Phaedrus</span> <span class='ocrx_word' id='word_1_345' title='bbox 369 4194 587 4258; x_wconf 66' lang='lat' dir='ltr'>slmstelodami</span> <span class='ocrx_word' id='word_1_346' title='bbox 603 4196 684 4272; x_wconf 72' lang='lat' dir='ltr'>in-4⁰</span> <span class='ocrx_word' id='word_1_347' title='bbox 701 4200 782 4261; x_wconf 85' lang='lat' dir='ltr'>notis</span> <span class='ocrx_word' id='word_1_348' title='bbox 798 4222 816 4260; x_wconf 88' lang='lat' dir='ltr'>a</span> <span class='ocrx_word' id='word_1_349' title='bbox 832 4201 949 4261; x_wconf 81' lang='lat' dir='ltr'>Davide</span> <span class='ocrx_word' id='word_1_350' title='bbox 965 4197 1230 4284; x_wconf 84' lang='lat' dir='ltr'>lloogstratanoil·</span> 
     </span>
    </p>
   </div>
   <div class='ocr_carea' id='block_1_5' title="bbox 0 0 1414 5018">
    <p class='ocr_par' dir='ltr' id='par_1_6' title="bbox 0 0 1414 5018">
     <span class='ocr_line' id='line_1_44' title="bbox 0 0 1414 5018; baseline 0 3"><span class='ocrx_word' id='word_1_351' title='bbox 0 0 1414 5018; x_wconf 95' lang='lat' dir='ltr'> </span> 
     </span>
    </p>
   </div>
  </div>
 </body>
</html>
