2820 5018
519 452 611 516 LIB.
635 452 688 530 ΙΙ,
713 454 808 517 FXB.
832 453 871 514 V.

175 584 282 650 Gratis
294 586 464 669 anhelans,
478 591 581 655 multa
592 590 720 678 agendo
733 590 816 656 nihil
827 615 942 681 agens,

176 691 243 755 Sibi
255 697 391 760 molesta
405 714 438 760 et
448 699 519 763 aliis
532 698 736 763 odiosissima
751 723 757 762 :

177 796 270 861 Hanc
282 800 473 880 emendare,
488 805 513 867 si
526 819 635 865 tamen
648 824 799 890 possum,
812 801 888 865 volo

177 903 261 964 Vera
275 904 392 969 fabella
405 932 410 970 :
425 909 567 995 pretium
580 923 630 970 est
642 929 751 995 operae
763 906 945 970 attendere.

221 1008 329 1072 Caesar
340 1011 491 1092 'liberius
505 1034 608 1100 quum
621 1028 737 1100 petens
751 1010 922 1099 Neapolim

177 1113 216 1173 ln
229 1114 450 1181 Misenensem
462 1116 571 1181 villam
585 1119 728 1181 venisset
740 1139 848 1193 suam,

177 1217 258 1297 Quae
270 1238 382 1286 monte
395 1246 524 1287 summo
537 1224 642 1310 posita
655 1222 784 1287 Luculli
798 1244 911 1300 manu,
1012 1206 1015 1211 .

177 1322 367 1414 Prospectat
379 1328 539 1406 Siculum,
553 1347 586 1394 et
599 1330 738 1418 despicit
749 1332 895 1394 Tuscum
908 1350 1011 1408 mare3
1191 1356 1222 1391 ιο

207 1502 230 1549 8.
242 1507 399 1552 Misenensem.
418 1507 506 1553 Gudius
516 1521 625 1564 testatur,
636 1508 731 1554 inlibris
741 1509 832 1570 scriptis
840 1509 937 1554 inveniri
946 1509 1110 1553 Mr‘sens'ensem.
1121 1508 1155 1551 lta
1165 1507 1224 1552 Gru·

175 1585 239 1620 tei-us
252 1594 275 1637 p.
292 1580 346 1631 132,
359 1581 387 1635 6,
400 1580 1026 1633 rodomensem.Cod.Ptshoesn.hsbe1Mannnse,
1040 1591 1134 1625 anctore
1144 1581 1223 1624 Neve-

175 1640 236 1697 leto‚
250 1648 290 1708 qui
305 1649 375 1694 edidit
391 1653 535 1697 tranensem.
550 1653 575 1696 ln
588 1652 671 1697 eodem
688 1663 764 1696 umen
781 1649 865 1696 Codice
880 1648 940 1694 Pitb.
958 1648 1002 1709 legi
1016 1650 1149 1703 Misenensi,
1162 1650 1225 1694 testis

176 1726 211 1757 est
224 1716 390 1781 ttctnsi1n‚qui
403 1720 525 1781 legendum
537 1724 659 1783 proponit,
672 1725 695 1765 s'n
708 1721 839 1765 Misent'enst'
847 1720 878 1764 ad
888 1717 964 1763 villum
975 1722 1071 1762 venisset
1081 1733 1160 1771 suam,
1171 1714 1224 1761 lau-

175 1783 232 1829 dans
246 1786 303 1832 l’lin.
317 1790 405 1847 XVIII,
417 1792 439 1837 6.
453 1794 510 1851 Quae
521 1794 641 1854 scripturae
650 1793 748 1838 varietas
760 1794 784 1836 in
796 1791 881 1836 eodem
890 1790 976 1835 Codice
986 1790 1067 1849 sapius
1078 1803 1090 1832 a
1103 1787 1169 1832 nobis
1180 1784 1225 1830 ob·

176 1869 267 1903 servata
281 1873 323 1906 est.
337 1865 366 1908 At
377 1866 535 1910 Mo'sent'ensem
545 1865 637 1911 videtur
649 1880 699 1910 esse
709 1881 722 1909 a
732 1879 802 1909 manu
811 1865 893 1925 pribis.
904 1887 936 1898 -
944 1877 967 1922 9.
979 1858 1075 1905 nauus.
1086 1860 1133 1903 MS.
1144 1855 1224 1903 Lucili.
1302 1922 1305 1929 .

178 1927 239 1974 oud.
250 1955 280 1965 —
295 1947 330 1976 to.
338 1936 480 1982 Varietatem
490 1938 603 1984 Lectionis
615 1935 771 2000 suppeditabit
782 1939 875 1982 meurs.
888 1935 953 1989 XVI,
965 1933 995 1978 ad
1008 1931 1071 1977 hunc
1082 1943 1183 1977 versum.

214 2073 239 2126 3.
251 2078 349 2143 Gratis,
360 2082 414 2133 sine
422 2081 683 2156 mercede‚praernio‚
759 2083 783 2135 8.
796 2084 829 2136 In
838 2080 1008 2134 Misenensem
1020 2077 1119 2130 villam.
1128 2074 1224 2127 Debac

179 2166 205 2204 et
212 2170 314 2225 sponte.
322 2159 394 2212 Sattl.
402 2161 583 2215 leuclenaum
591 2163 681 2215 niclsts.
723 2163 782 2216 villa
799 2160 975 2215 consulendus
992 2162 1098 2212 Ercurs.
1114 2157 1172 2208 XVI
1192 2154 1225 2207 ad
1309 2211 1313 2219 x

180 2230 685 2311 Secundasyllabaprotlucenda.Schef·
723 2242 749 2293 h.
768 2261 833 2294 vers.

179 2312 219 2363 fer
228 2327 253 2365 et
264 2317 449 2388 Hoogstratan.
460 2321 528 2373 male
538 2321 682 2393 explicant,
758 2339 783 2391 9.
793 2333 880 2372 monte
887 2337 1000 2384 summo,
1010 2322 1036 2370 in
1044 2334 1145 2369 summo
1155 2332 1228 2365 mon-

180 2391 274 2445 frustra
283 2396 418 2451 anhelans.
430 2402 509 2452 Recte
518 2399 680 2453 Schefferus:
722 2401 754 2451 tis
760 2403 841 2470 jugo,
854 2412 883 2451 ut
896 2397 941 2449 lib.
951 2399 987 2462 Π,
1002 2396 1055 2448 fab.
1070 2397 1113 2460 IV,
1134 2411 1161 2458 ι,
1178 2416 1189 2438 s
1199 2393 1226 2442 in

180 2488 340 2544 occupatum
349 2475 468 2530 denotari
481 2481 526 2549 qni
535 2478 570 2530 ob
582 2477 682 2530 discur-
722 2479 827 2530 sublimi
849 2496 956 2549 quercu.
968 2501 978 2521 ι
1001 2476 1040 2527 Cf.
1058 2476 1163 2525 Excurs.
1183 2471 1225 2522 eit.

179 2549 267 2603 siones
287 2554 390 2607 crebras
408 2558 527 2627 spiritum
544 2576 623 2627 tegre,
642 2555 683 2608 vel
722 2555 873 2610 Sebelferus
897 2555 986 2608 laudat
1011 2555 1081 2624 Virg.
1104 2552 1161 2602 AEn.
1181 2551 1226 2614 IV,

180 2628 273 2682 crebro
294 2648 320 2684 et
342 2638 436 2706 raptim
455 2635 537 2688 ducit.
560 2634 681 2687 Notanda
727 2633 797 2687 168:
825 2654 949 2687 «summo
976 2631 1110 2684 ulularunt
1132 2630 1227 2680 vertice

179 2707 307 2778 elegantia
331 2728 357 2765 et
377 2717 415 2766 vis
436 2715 514 2767 verbi.
535 2745 571 2755 -
591 2712 680 2766 Multa
723 2714 881 2786 Nympha.»
905 2744 941 2753 -
958 2713 1051 2784 posita.
1073 2713 1112 2763 De
1134 2711 1164 2761 iis
1183 2709 1227 2779 qui

180 2788 281 2858 spendo
292 2789 362 2842 nibil
371 2811 456 2863 opens.
468 2795 628 2865 Oxymoron.
639 2794 683 2844 Ni·
722 2794 858 2847 edificant.
875 2793 959 2844 Affers
974 2790 1124 2843 Schellerus
1139 2787 1226 2838 locum

180 2864 218 2918 bil
233 2868 300 2935 agit,
319 2872 363 2939 qui
379 2871 480 2921 inutilia
501 2873 561 2942 agit.
579 2870 681 2924 Sattler.
724 2875 847 2925 Varronis
860 2874 889 2923 ll.
902 2874 933 2922 R.
943 2872 968 2935 l,
985 2887 1031 2920 ra:
1048 2892 1058 2912 ι
1069 2865 1155 2918 danda
1168 2883 1228 2935 ope·

181 2947 218 2997 im
227 2945 319 3015 qesebc'i
335 2948 684 3022 tiqendliissiqpanq.Com·
724 2969 766 3015 ra,
785 2964 814 3002 ut
837 2951 1001 3021 potissimum
1026 2945 1076 2998 sub
1096 2943 1227 2995 radicibus

179 3044 246 3097 para
262 3022 306 3075 lib.
355 3027 429 3090 ‚fab
448 3030 533 3093 XXII,
550 3028 576 3094 4.
724 3031 820 3080 montis
833 3029 954 3097 silvestris
964 3026 1050 3077 villain
1058 3041 1151 3095 ponas.
1163 3046 1173 3066 u
1187 3023 1228 3073 Sie

217 3103 242 3169 4.
255 3103 310 3155 Sibi
320 3103 434 3157 molesta.
446 3105 547 3158 Laudat
557 3105 684 3159 Desbillu·
724 3109 846 3174 domum,
856 3109 961 3172 urbem,
973 3104 1084 3176 templa,
1095 3101 1228 3154 balnearia

181 3184 241 3235 nius
256 3180 314 3235 Scir.
332 3185 380 3254 Ep.
395 3187 447 3254 98:
464 3186 549 3236 «Istos
566 3199 684 3256 satagens
723 3209 819 3261 ponere
835 3190 926 3241 dieunt
945 3201 1051 3239 veteres.
1070 3182 1127 3233 Vid.
1145 3181 1228 3233 Cerda

182 3277 208 3315 et
220 3261 269 3314 sibi
279 3262 402 3314 molestos
413 3262 558 3315 describam
569 3263 624 3315 tibi.
636 3288 647 3310 ι
726 3269 758 3320 ad
771 3270 840 3338 virg,
855 3269 912 3318 AEn,
925 3267 996 3331 VIII,
1011 3264 1058 3334 57,
1071 3281 1150 3333 quern
1165 3263 1228 3312 Bur*

219 3344 244 3396 5.
256 3344 277 3394 si
290 3355 384 3395 tamen.
399 3345 469 3397 Nota
479 3342 623 3416 elegantem
634 3344 685 3396 bu·
725 3368 812 3400 mann.
830 3346 926 3400 laudat.

179 3426 224 3493 jus
237 3423 386 3494 particulae,
401 3424 558 3476 correctioni
575 3424 685 3475 servien-
765 3447 805 3479 10.
817 3429 891 3480 Mare
905 3426 1020 3480 Siculum
1033 3438 1071 3477 est
1080 3442 1141 3496 pars
1150 3423 1228 3474 maris

183 3503 229 3567 tit,
240 3522 330 3565 utuffl;
341 3522 415 3554 wenti
424 3502 523 3554 auden·
532 3502 596 3553 l’llss·
606 3501 649 3553 lib·
659 3504 685 3567 l,
727 3507 920 3572 mediterranei,
938 3525 994 3577 quae
1011 3523 1100 3556 versus
1117 3500 1228 3554 insulam

183 3583 231 3653 Ep.
246 3602 276 3635 n:
293 3585 362 3635 anisi
374 3596 461 3634 tamen
475 3582 580 3635 auribus
590 3585 685 3634 nostris
726 3587 837 3642 SiciIiam
852 3602 938 3659 pascu
955 3605 1026 3637 mare
1038 3586 1166 3647 Tuscum,
1182 3602 1228 3635 seu

183 3661 333 3736 bibliopolae
349 3664 550 3717 blandiuntur.»
569 3662 626 3716 Col.
645 3666 685 3730 ll,
726 3669 851 3730 inferum,
876 3665 949 3739 quod
974 3665 1094 3727 Etruriae,
1114 3663 1179 3714 Latii
1203 3675 1228 3713 et
1283 3685 1288 3692 ¹

187 3742 242 3794 13:
260 3745 301 3794 «si
320 3757 406 3796 tamen
427 3757 501 3797 vacet
525 3743 682 3796 arboribus»
725 3746 874 3816 Campaniae
890 3745 976 3797 littora
992 3741 1073 3795 alluit.
1087 3743 1146 3792 Non
1159 3742 1229 3791 euim

184 3819 290 3890 (ager).
303 3823 344 3873 Sic
356 3822 425 3874 alibi.
725 3839 778 3878 tam
798 3827 885 3878 stricte
904 3845 974 3877 mare
993 3825 1106 3875 Tuscum
1124 3822 1229 3891 capien-

221 3901 247 3951 6·
268 3899 296 3952 V
293 3919 335 3951 tra
347 3901 459 3972 fabella·
477 3901 542 3952 Vide
564 3901 597 3952 ad
616 3899 683 3952 Ptol·
726 3905 787 3957 dum
809 3919 861 3970 est,
881 3918 909 3956 ut
925 3923 985 3957 cum
1002 3903 1164 3961 Bumannu,
1186 3900 1229 3950 cui

183 3982 209 4043 Ι,
223 3996 246 4048 7.
257 3977 333 4030 Tales
342 3982 502 4032 narrationes
513 4000 586 4032 veras
598 3979 638 4032 bis
648 3982 686 4034 la·
726 3998 819 4056 parent
839 3983 896 4044 alii,
917 4001 988 4034 mare
1007 3978 1122 4032 Siculum
1137 3997 1151 4029 a
1165 3997 1228 4048 pro-

183 4058 260 4112 bellis
284 4060 420 4113 immiscuit
440 4062 536 4132 plures.
565 4059 623 4112 Vid.
652 4060 686 4113 ad
727 4065 858 4114 montorio
873 4062 974 4112 Miseno
987 4060 1115 4129 incepisse
1128 4069 1225 4126 putem.

182 4138 253 4190 Prol.
267 4139 303 4201 ll,
316 4155 359 4205 9...
377 4157 414 4191 st.
428 4141 549 4192 Ceterum
559 4152 630 4191 totus
642 4138 685 4190 hic
726 4141 901 4206 Burmannus,
913 4138 1055 4190 obsecutus
1062 4133 1167 4185 lectioni
1174 4129 1228 4181 sul·

182 4220 258 4274 locus
270 4234 308 4271 est
323 4239 353 4271 ex
368 4222 535 4274 ornatissimis
545 4219 652 4272 Phaedri.
725 4235 804 4290 gata,
818 4243 829 4265 s
839 4231 990 4290 prospectat
1002 4213 1117 4267 Siculum
1128 4225 1153 4263 et
1163 4228 1227 4280 pro·
