2820 5018
364 490 429 554 tn
452 489 545 552 tra.
571 488 584 549 1
608 488 704 550 ran.
729 488 778 550 ιι.
1028 499 1118 586 499‘

49 631 114 705 sis,
130 650 195 691 non
205 627 301 690 battis
317 639 466 701 armatos,
478 626 590 707 quibus
605 625 743 685 munitus
759 646 860 686 amem
875 633 956 712 cepit
971 645 1000 693 et
1017 655 1096 695 rem.

52 719 209 800 publicam
228 719 278 796 (ι).
297 720 373 795 Quae
391 714 554 776 coufirmat
570 715 709 775 Iustinus
723 717 778 795 (a),
792 719 845 797 qui
862 715 925 780 baec
941 725 1096 784 memoriae

53 809 208 891 prodidit:
222 833 236 863 ιι
247 808 451 867 Pisistratus...
463 803 658 886 tyrannidem
668 825 723 885 per
734 803 840 864 dolum
852 824 996 891 occupat:
1010 816 1098 896 quip-

53 915 93 976 pe
107 895 282 956 verberibus
295 893 480 954 voluntariis
491 890 580 953 domi
594 890 744 966 adfectus,
761 891 893 952 lacerato
907 916 1051 978 corpore,
1065 901 1100 959 in

53 981 217 1063 publicum
229 981 441 1064 progreditur:
454 978 602 1039 advocata
614 979 777 1054 concione,
790 978 918 1040 vulnera
930 984 1045 1065 populo
1057 1006 1103 1045 os-

55 1070 174 1131 tendit:
189 1072 226 1134 de
242 1071 419 1133 crudelitate
435 1068 626 1150 principum,
641 1089 659 1126 a
674 1067 785 1148 quibus
799 1066 865 1128 baec
883 1090 1052 1153 separaum
1069 1075 1104 1134 si·

53 1160 211 1236 mulabat,
229 1162 389 1242 queritur:
408 1158 565 1219 adduntur
581 1157 707 1218 vocibus
722 1157 882 1240 lacryma,
903 1173 933 1220 et
951 1163 1104 1224 invidiosa

55 1251 196 1311 oratione
210 1250 379 1312 multitudo
393 1247 515 1309 credula
532 1247 725 1321 accenditur:
740 1268 844 1308 amore
857 1249 954 1331 plebia
970 1253 1105 1315 invisum

55 1359 89 1401 se
99 1342 220 1400 senatui
234 1339 395 1400 adfirmat:
411 1338 529 1398 obtinet
543 1337 582 1397 ad
597 1336 769 1397 custodiam
784 1339 922 1419 corporis
934 1342 981 1400 sui
994 1343 1108 1402 satelli-

57 1441 126 1487 tum
135 1427 283 1488 auxilium
293 1450 300 1485 :
311 1447 366 1510 per
375 1446 452 1506 quos
463 1438 613 1506 occupata
622 1424 797 1505 tyrannide,
808 1445 863 1506 per
871 1446 971 1487 annos
980 1431 1108 1491 XXXIII

114 1530 236 1574 natm.»
1218 1574 1224 1588 ,

60 1535 153 1663 mng.
167 1605 194 1663 5.
206 1605 312 1663 Arcem
322 1613 441 1683 occupat
456 1604 629 1661 Pisistratus.
644 1602 751 1677 Quum
761 1602 863 1684 AEsopi
874 1623 958 1664 mors
968 1606 1008 1664 ab
1018 1607 1111 1668 Euse-

58 1693 113 1755 bio
129 1707 159 1753 et
172 1692 266 1752 Suida
281 1692 320 1752 ad
337 1693 462 1773 Olymp.
477 1693 545 1751 LIV
559 1691 722 1766 referatur,
745 1704 775 1750 et
788 1691 845 1751 viri
860 1691 958 1769 docti,
979 1697 1111 1757 maximo

59 1781 234 1856 Fabricius,
248 1779 452 1854 contendant,
468 1781 662 1840 Pisistratum
676 1779 802 1862 Olymp.
820 1782 883 1856 LV,
902 1802 930 1856 1,
946 1785 1047 1866 prImo
1064 1799 1111 1868 ty·

61 1867 226 1931 nunidem
247 1868 438 1950 occupavisse
457 1867 582 1927 Athenis
602 1869 659 1946 (3);
681 1866 828 1928 Pbaedrus
850 1883 953 1930 autem
971 1886 1112 1947 testetur,

57 1971 207 2042 occupata
218 1978 301 2033 arce,
313 1956 454 2017 fabulam
465 1956 504 2016 de
517 1958 601 2016 ranis
615 1977 717 2038 regem
735 1958 923 2039 petentibus,
944 1962 983 2020 ab
1000 1964 1112 2045 tEsopo

60 2068 124 2109 esse
141 2061 320 2108 narratam:
337 2045 454 2108 Iactum
470 2061 513 2107 est
529 2046 616 2122 inde,
633 2059 668 2105 ut
682 2045 733 2107 bic
746 2045 868 2107 Phaedri
885 2048 970 2110 locus
987 2051 1025 2112 de
1040 2066 1114 2112 tem·

63 2155 152 2217 pore,
167 2156 229 2216 quo
244 2136 376 2216 AEsopui
388 2133 529 2195 fabulam
542 2133 645 2194 iecisse
657 2134 783 2208 dicitur,
797 2137 877 2196 viros
891 2137 994 2198 doctos
1008 2140 1114 2199 sollici·

63 2235 150 2283 taret
161 2222 255 2282 Vario
271 2236 375 2282 autem
385 2222 531 2284 modo'se
544 2223 683 2305 expedire
695 2224 799 2283 conati
816 2239 897 2284 sunt.
912 2228 1060 2288 Corsinus
1073 2226 1114 2308 (lp)
1157 2292 1160 2297 ,

63 2308 193 2373 Fabricii
212 2310 441 2371 dubitationem
461 2311 504 2371 ita
522 2309 630 2371 tollere
649 2309 770 2370 studet:
788 2311 984 2389 uobservari,
1003 2317 1113 2396 inquit,

62 2392 154 2460 facile
163 2397 289 2481 poterit,
301 2396 449 2459 subdolos
458 2419 494 2457 ac
504 2398 634 2459 audaces
643 2397 714 2458 illos
724 2398 869 2459 Pisistrati
882 2416 1011 2462 conatus
1023 2403 1115 2485 longe

63 2487 216 2548 maturius
228 2487 387 2568 incepisse3
402 2501 432 2548 et
444 2489 586 2569 quamvis
600 2488 652 2548 ille
669 2502 772 2571 aperte
787 2489 999 2572 violenterque
1012 2507 1115 2576 tyran·

64 2574 170 2639 uidem
184 2589 338 2658 postremo
354 2576 456 2638 solum
470 2575 563 2658 bujus
576 2577 769 2660 Olympiadis
783 2581 871 2657 (LV)
884 2601 969 2641 anno
987 2603 1115 2665 occupa-

64 2667 156 2742 verit,
178 2667 270 2748 ipsius
290 2682 395 2729 tamen
415 2681 494 2729 artes
515 2681 607 2748 atque
626 2667 752 2728 insidlas
772 2668 812 2726 ab
832 2670 943 2752 AEsopo
963 2675 1113 2754 superiori

60 2776 189 2837 quoque
202 2755 388 2836 Olympiade
401 2758 499 2816 taxari
511 2759 682 2838 potuisse.»
696 2757 743 2816 Ad
756 2776 826 2837 quae
839 2757 893 2817 cel.
906 2759 1062 2824 Harlesius
1073 2765 1114 2843 (5)

61 2912 368 2985 libertatemreipnblicoe
378 2913 568 2977 tuebatur;sed
610 2929 737 2987 quantum
755 2919 844 2987 potui,
864 2920 954 2988 patri»
970 2933 996 2971 et
1010 2921 1111 2993 legibus

61 3006 191 3056 conatus,
203 2989 357 3062 prevalente
363 2995 420 3064 jam
427 2993 569 3061 Pisistrato,
609 3013 687 3065 opem
699 2994 754 3047 sui.
766 3015 779 3040 ι
792 2996 861 3067 Papo
874 2995 991 3051 Athenas
1002 3003 1040 3052 sic
1052 3005 1112 3055 Pisi-

64 3075 163 3127 trustra
173 3070 229 3121 tuis.
242 3071 279 3120 Ac
290 3071 363 3120 initio
373 3088 421 3141 per
430 3068 570 3123 blanditias
608 3085 703 3124 cuatus
715 3072 831 3145 subegit,
840 3073 887 3125 sed
895 3094 948 3127 non
956 3095 1058 3150 semper
1065 3100 1109 3133 eas

65 3152 281 3228 privatimipsum
291 3148 479 3220 compellatum
486 3149 571 3202 dimo·
607 3153 700 3203 tenuit.
718 3153 758 3202 nis
778 3154 889 3221 ejectus,
906 3156 1010 3206 tertium
1028 3177 1110 3229 quum

67 3251 128 3286 vare
139 3231 171 3283 de
183 3232 320 3302 proposito
332 3232 448 3281 animum
458 3227 569 3282 induxit.
609 3230 774 3300 subjecisset,
797 3233 834 3282 ita
852 3231 959 3284 demum
978 3254 1058 3307 porro
1082 3241 1109 3291 in

66 3311 119 3371 ssd
137 3312 258 3383 privatim
275 3327 323 3380 per
341 3307 481 3361 blanditias
498 3320 570 3380 post·
609 3322 739 3380 potestate
755 3309 856 3362 babuit.
875 3312 1005 3367 Meursius
1024 3318 1051 3368 in
1070 3322 1110 3372 Pi·

69 3411 151 3466 ψῃ
165 3389 230 3445 nIhil
247 3390 413 3461 profecisset,
429 3388 507 3441 etiam
520 3405 570 3460 pu·
610 3390 675 3441 sistr.
689 3407 747 3459 cap.
763 3391 810 3455 Ill,
829 3409 860 3441 ea
874 3388 1005 3447 Plutarch.
1018 3396 1107 3452 Solon.

68 3465 570 3542 bliceseopposuit.lndelcricaarma·
610 3467 685 3537 Dioyy.
699 3467 783 3518 Laert.
796 3469 824 3518 in
837 3469 888 3520 vis.
903 3470 991 3525 Solon.
1123 3514 1134 3537 ,

69 3564 112 3603 tus
121 3548 267 3622 clypeoque
276 3567 326 3619 pro
338 3550 467 3599 concione
480 3545 573 3598 amos
644 3545 683 3616 (r)
694 3545 819 3598 Herodot.
829 3545 874 3599 lib.
886 3549 909 3615 l,
919 3569 942 3602 c.
956 3552 1003 3625 593
1015 3555 1108 3612 AEh'an,

69 3625 571 3701 tmpoputumaususesenedesaere:
610 3623 670 3677 loco
684 3627 772 3678 citato.

70 3708 230 3770 libertatern:
248 3727 275 3760 se
293 3709 429 3780 suppetias
447 3706 569 3758 laturum.
645 3703 903 3776 (a)lib.ll,c.r1n.

71 3791 129 3840 Iloc
145 3801 197 3851 est,
217 3787 289 3860 quod
306 3785 425 3840 Valerius
443 3787 572 3838 Maximus
645 3783 684 3856 (3)
695 3785 806 3838 fabricii
818 3787 845 3839 Β,
856 3788 887 3840 G.
900 3789 958 3843 Vol.
970 3792 993 3858 I,
1005 3813 1032 3864 p.
1043 3795 1110 3867 619,

72 3868 136 3922 dicit
157 3864 203 3918 lib.
224 3866 256 3932 V,
277 3886 335 3939 cap.
355 3885 402 3919 ur:
426 3868 572 3921 nPisisnati
611 3863 678 3917 Edit.
696 3863 795 3916 llarles.
815 3867 863 3919 Cui
878 3871 984 3921 assentit
998 3872 1111 3926 brucke-

72 3944 236 4020 tyrannidem
268 3948 368 4017 prinus
396 3947 476 3999 Solon
509 3945 573 3997 vidit
612 3963 655 3995 rus
672 3947 698 3995 in
714 3946 809 3995 Histor.
828 3948 883 3997 crit.
902 3945 998 4000 Philas.
1013 3951 1071 4002 Vol.
1087 3954 1136 4019 I„

72 4030 215 4089 orientem,
231 4037 258 4076 et
271 4023 354 4090 soltus,
370 4027 446 4077 armis
461 4025 573 4096 opprimi
612 4043 639 4095 p.
654 4021 714 4089 455.

73 4105 185 4169 debere,
195 4101 283 4174 palam
290 4102 408 4157 dictitare
416 4117 549 4156 aususest.
560 4125 572 4148 s
649 4101 687 4173 (d)
700 4103 784 4153 Fastis
795 4104 887 4154 Atticis
899 4105 974 4155 Tum.
990 4107 1037 4172 III,
1051 4125 1110 4180 pag.

72 4183 578 4253 Quumserouecsicproliceret,posi·
616 4179 659 4250 93.

74 4266 108 4316 tis
116 4276 177 4315 ante
185 4263 284 4314 curiam
292 4263 382 4313 armis:
396 4278 474 4330 nego,
483 4261 578 4328 inquit,
652 4256 692 4326 (t)
702 4256 742 4308 Ad
751 4256 861 4309 Fabricii
872 4260 900 4310 u.
911 4259 941 4310 G.
957 4260 972 4308 t.
986 4282 1008 4311 c.

915 4349 958 4399 32.
