2820 5018
322 458 385 543 524
673 455 940 522 excursus
964 456 1021 518 xi

320 613 439 687 dativo,
451 611 639 692 frequentius
651 623 756 667 tamen
769 620 842 666 tunc
854 607 928 688 poni
943 625 1000 687 pto
1013 603 1108 677 addi,
1119 599 1317 685 arljunqi;sed
1329 620 1370 682 pro

320 703 415 773 adire,
432 717 486 761 aut
499 721 586 783 prope
601 701 710 769 venire,
726 698 934 757 accusativum
952 694 999 754 v'el
1017 693 1150 768 solum,
1167 694 1219 754 vel
1234 715 1300 753 cum
1313 711 1370 772 prr·

321 793 472 874 positione
486 811 603 859 amare,
618 800 652 846 ut
668 786 801 845 accedere
814 785 854 844 ad
867 786 971 845 lectum
986 784 1046 844 lib.
1067 786 1132 857 III,
1150 784 1219 843 fab.
1235 785 1273 851 X,
1288 782 1331 849 26,
1341 777 1371 837 ed

319 899 443 959 praesepe
461 877 513 936 lib.
530 878 575 949 ΙΙ,
595 875 658 936 fab.
672 877 760 948 vul,
780 896 827 933 απ.
846 873 966 956 Siquid
986 895 1050 954 ego
1066 870 1205 952 judico,
1225 869 1368 931 emendatio

322 967 417 1027 Gudii
430 967 523 1040 dura,
536 988 592 1025 nec
604 965 691 1025 facile
703 978 830 1046 propter
841 963 942 1023 hiatus
955 962 1182 1023 admittenda.
1195 965 1368 1022 Heumanuus

322 1055 409 1134 legit:
428 1059 478 1114 Sic
494 1053 677 1115 corcodilus:
700 1076 810 1135 aquam
825 1053 917 1112 bibere
930 1051 1002 1112 liter
1018 1073 1039 1112 ο
1060 1054 1177 1134 Canis,
1202 1049 1315 1120 Accede,
1330 1067 1366 1127 po

323 1155 352 1199 ta
378 1140 490 1215 leniter,
511 1155 539 1201 et
555 1140 617 1200 noli
637 1141 730 1215 dolos,
751 1144 862 1222 Inquit,
885 1144 989 1213 vereri,
1012 1140 1077 1200 Sed
1096 1140 1250 1201 RIchtero
1264 1137 1366 1219 diplicet

323 1226 398 1286 illud
419 1232 527 1309 inquit,
548 1243 710 1310 postquam
729 1231 769 1286 sic
786 1230 942 1309 praecessit.
963 1228 1040 1308 Ipse
1060 1249 1144 1288 vero
1160 1228 1255 1309 legit:
1269 1229 1307 1286 Sir
1319 1225 1366 1282 sor

322 1313 449 1373 codilus:
466 1313 625 1397 quaudibet
645 1313 740 1373 Iotabe
755 1328 782 1373 et
797 1313 877 1374 dolos
895 1312 959 1374 noli
979 1317 1097 1387 vereri,
1119 1313 1226 1394 ejecto
1245 1331 1323 1381 rrum
1338 1311 1361 1365 in

322 1401 458 1462 editione
473 1426 526 1463 sua
539 1420 642 1464 tamen
660 1404 924 1464 Burmanuianam
939 1401 1121 1463 lectionem
1138 1398 1360 1485 sequitur.Srdri

324 1495 431 1574 inquit,
446 1496 625 1555 observante
637 1498 830 1567 Burmanno,
842 1491 893 1550 hic
906 1493 940 1550 in
953 1491 1022 1552 fine
1037 1495 1137 1576 poni,
1152 1517 1223 1554 non
1234 1495 1358 1571 magistros

323 1580 362 1639 ad
379 1583 608 1643 emendandum
623 1585 744 1644 deberet
762 1583 918 1653 inducere,
932 1603 1037 1662 quam
1056 1584 1116 1642 ubi
1139 1586 1177 1643 in
1197 1581 1311 1663 longiori
1323 1596 1357 1657 pc

325 1671 412 1730 riodo
436 1675 591 1754 repetitur.
615 1673 820 1732 Desbillonius
842 1668 873 1728 h.
891 1668 911 1727 l.
936 1670 978 1729 ita
1004 1673 1188 1732 emendat:
1208 1663 1357 1733 Sicsorwdr

328 1753 390 1817 lus:
410 1782 499 1839 quarn
518 1760 584 1820 libet
602 1760 715 1820 lambe:
735 1762 813 1819 ocius
829 1770 929 1839 potare
949 1757 1037 1816 noli:
1059 1760 1191 1833 necerim
1212 1756 1279 1838 quid
1291 1750 1357 1811 tim?

326 1845 408 1906 dolos
426 1848 488 1908 noli
506 1853 604 1909 ereren.
622 1851 783 1931 Ingeniose
801 1845 955 1930 profecto!
976 1849 1018 1906 At
1042 1870 1122 1908 vero
1144 1848 1272 1908 offendit
1287 1861 1356 1905 aures,

326 1929 437 2008 fateor,
457 1936 584 1995 verbum
601 1935 677 2009 noli,
695 1937 741 1995 bis
758 1939 790 1994 iu
806 1933 912 1993 eadem
930 1937 1096 1995 sententia
1115 1939 1260 2018 positum.
1276 1926 1356 1990 Deinde

327 2018 474 2101 languida
490 2025 587 2082 oratio
603 2023 697 2083 videri
714 2024 819 2105 possit,
832 2019 903 2101 quid
913 2023 1021 2080 times?
1034 2036 1066 2081 et
1079 2046 1177 2098 mox,
1192 2020 1267 2082 dolos
1278 2017 1357 2077 nolite

327 2112 390 2167 reri.
402 2111 581 2171 Notandum
590 2111 736 2193 denique,
749 2114 781 2170 in
793 2108 954 2169 nonnullis
966 2110 1181 2177 Editionibus
1190 2133 1245 2195 pro
1255 2111 1301 2168 otio
1309 2103 1356 2172 tui.

328 2195 459 2257 inveniri
475 2221 577 2280 ocyus,
592 2200 676 2282 quod
691 2201 756 2272 alii,
772 2213 806 2257 ut
819 2196 1011 2272 Schcfferus‚
1030 2200 1179 2260 referunt
1194 2200 1230 2258 ad
1244 2193 1355 2262 aaran

328 2307 391 2366 quo
408 2304 558 2348 commate
576 2289 698 2349 divulsit
719 2285 949 2363 Ilittershusius‚
969 2287 1027 2347 alii
1047 2291 1090 2350 ad
1113 2289 1219 2350 Ianthe.
1235 2281 1357 2346 raschin

331 2374 448 2451 mallet,
461 2381 550 2435 otirnn
565 2390 613 2436 est.
627 2379 671 2437 De
683 2376 742 2437 hoe
759 2377 822 2437 loeo
836 2391 943 2435 vexato
956 2397 986 2433 v.
1003 2380 1188 2452 Burmanni
1203 2377 1357 2450 aliorumque

330 2466 552 2548 Interpretnm,
582 2471 675 2527 etiam
701 2465 898 2529 I'reinshemii
921 2467 1029 2527 Notas.
1059 2468 1153 2531 Adde
1174 2461 1358 2548 supplendae

332 2554 526 2613 Ernerulunda
540 2557 577 2615 ad
591 2556 621 2614 h.
638 2558 657 2614 l.

628 2762 959 2850 EXCURSUS
989 2764 1095 2850 XII

562 2976 612 3025 Au
638 2975 738 3024 Lluul
764 2975 774 3023 I
800 2973 983 3023 FABULAIII
1012 2974 1160 3024 XXVIII.

371 3162 421 3217 Vs.
444 3180 486 3216 ro.
499 3161 588 3216 Varie
602 3169 759 3216 tentarunt
776 3154 859 3213 huuc
876 3153 978 3212 locum
997 3156 1130 3231 critici,
1150 3156 1230 3214 varie
1245 3156 1355 3231 interpre

331 3249 385 3304 tati
403 3261 483 3305 sunt.
496 3246 647 3305 llcutlcius
667 3244 738 3324 legit
751 3268 757 3300 :
771 3245 880 3323 proprii
893 3241 1023 3301 dolorem
1040 3243 1158 3304 damno
1174 3244 1355 3303 ulciscemur

330 3336 439 3414 quinis,
455 3332 583 3399 laudans
601 3333 688 3392 Ovid.
704 3335 841 3391 Ilemens.
860 3332 914 3403 60,
933 3332 965 3388 iu
983 3351 1049 3409 quo
1071 3331 1147 3393 loco
1163 3348 1263 3392 tamen
1277 3329 1356 3408 legitur

330 3424 412 3494 socii,
429 3442 493 3479 non
505 3424 622 3503 proprii.
636 3420 751 3479 Deinde
764 3423 793 3477 τὸ
808 3421 943 3491 miscens,
958 3419 1047 3498 quod
1062 3434 1112 3479 est
1126 3422 1161 3480 in
1175 3421 1258 3480 libris
1271 3413 1355 3495 seriptis

330 3523 359 3567 et
374 3510 478 3583 editis,
494 3510 562 3570 loeo
577 3531 630 3569 suo
643 3513 691 3568 vix
707 3508 895 3568 movendum
909 3521 969 3578 est;
988 3529 1095 3588 quum
1108 3512 1204 3570 etiam
1216 3507 1289 3591 apud
1299 3508 1355 3564 ane

332 3620 462 3679 nymurn
477 3599 535 3657 Nil.
552 3601 682 3679 legatur,
695 3600 810 3657 darnrris
821 3601 941 3657 miscens
954 3602 1149 3678 sanquinem.
1163 3600 1294 3659 Heinsius
1303 3611 1355 3650 rou·

329 3685 395 3767 jieit
414 3711 420 3744 :
441 3684 512 3744 liosti
531 3686 625 3745 dolose
646 3687 785 3745 ‹tanmnm
811 3688 962 3766 satiqtu'nis
984 3689 1085 3760 cieus3
1109 3689 1177 3762 vel,
1207 3688 1283 3748 Hosti
1301 3678 1354 3740 dul?

332 3797 389 3835 rem
417 3773 527 3832 dotano
553 3772 690 3833 ulciscens
710 3778 875 3857 sarrpuinis,
895 3775 1050 3856 adscripto
1070 3777 1142 3837 loco
1164 3778 1265 3837 Ovidii
1283 3767 1354 3855 paul⁰

331 3878 403 3924 aute
419 3863 527 3936 citato,
542 3864 600 3921 nisi
616 3863 698 3945 quod
715 3865 790 3923 vitio
808 3866 960 3923 memorie
977 3864 1188 3947 adscripscrat
1204 3864 1301 3925 (jodici
1312 3876 1355 3940 pu

330 3957 400 4037 prii,
419 3974 487 4034 pro,
502 3956 578 4012 socii.
597 3954 794 4013 Posteriorem
811 3954 926 4013 Ileinsii
944 3952 1164 4033 conjecturam
1183 3977 1248 4015 non
1264 3967 1355 4012 tenere

332 4049 410 4105 riam
431 4045 547 4125 judicat
575 4047 790 4119 Burmannus,
821 4067 918 4125 quum
944 4043 1074 4105 dolorem
1105 4036 1355 4106 vindicandum

334 4135 492 4208 Placemus,
518 4133 569 4194 lib.
591 4137 648 4210 III,
673 4135 732 4194 fab.
756 4137 796 4208 X,
821 4149 850 4192 et
872 4131 997 4192 dolorem
1023 4133 1127 4194 ulcisci
1143 4134 1246 4195 Valet.
1262 4131 1357 4191 naxiu-

333 4226 386 4284 tiu.
405 4227 448 4298 u,
465 4247 529 4308 rap.
547 4228 587 4301 X,
604 4248 636 4300 2,
651 4240 679 4285 et
698 4225 787 4284 Ovid.
802 4227 901 4283 Amor.
923 4223 966 4297 lI,
986 4243 1052 4297 ω’,
1069 4225 1121 4285 32.
1143 4227 1213 4307 Ipse
1229 4243 1296 4283 tero
1309 4221 1358 4278 tur-
