2820 5018
520 477 613 541 nto.
639 477 668 555 t,
694 474 788 541 rto.
812 478 889 542 xv.
1032 427 1037 435 ’
1166 475 1229 561 389

183 609 221 676 td
234 634 305 678 esse
316 639 448 695 verum,
461 640 560 706 parra
572 596 774 684 haec'fabelta
787 619 916 684 iudicat.

225 723 369 787 Asellum
382 726 416 788 in
429 744 523 813 prato
535 727 669 792 timidus
682 726 834 814 pascebat
845 727 960 792 Senex.

180 824 226 903 ts,
240 827 385 894 hostium
397 833 540 898 clamore
554 833 662 899 subito
676 834 822 911 territus,
1214 847 1230 898 5

178 929 344 1000 Suadebat
355 940 455 1004 Asino
469 940 597 1028 fugere,
612 964 653 1005 ue
666 957 801 1029 possent
812 943 894 1029 capi.

179 1083 264 1129 domitu
275 1103 363 1134 rumen.
378 1091 502 1136 Nereietue
515 1091 586 1137 edidit
598 1102 681 1154 proter
692 1093 777 1137 domini
789 1108 874 1147 mores,
884 1092 998 1153 quodeet
1011 1094 1035 1137 iu
1048 1091 1121 1137 codd.
1134 1091 1193 1138 i‘ith.
1207 1106 1229 1138 et

180 1156 245 1201 Rem.
258 1158 292 1205 lto
306 1176 401 1224 quoque
415 1165 491 1209 Urtin.
506 1176 528 1209 ct
540 1165 638 1212 Brotier.
652 1167 692 1227 qui
704 1177 782 1210 tuetur
795 1180 879 1219 mores,
891 1167 946 1227 quio
958 1166 1053 1210 Rotnani
1066 1168 1195 1225 Augustum
1208 1175 1231 1211 et

179 1229 299 1276 'fiherium
311 1237 400 1294 experti
414 1235 500 1281 inerint
513 1236 609 1283 divertit
622 1253 676 1282 rane
688 1237 804 1292 northon
820 1236 904 1283 diverti
919 1252 1014 1299 quoque
1028 1236 1115 1282 fuerint
1129 1234 1230 1296 Caligula

180 1310 204 1343 et
216 1297 339 1357 Claudius,
352 1303 410 1348 alter
419 1305 525 1361 intonui,
536 1305 595 1353 aiter
606 1305 687 1352 hebet.
696 1305 742 1351 Sed
750 1305 811 1351 haue
821 1305 945 1352 lectionem
952 1307 1025 1364 rejicit
1035 1321 1117 1351 centor
1126 1304 1230 1351 eruditut

179 1370 204 1414 iu
213 1370 310 1431 Epirem.
321 1376 423 1434 Gotting.
435 1393 488 1422 aon.
503 1378 568 1440 1784.
578 1380 660 1425 Partie.
669 1379 708 1440 67,
716 1393 789 1440 quum
799 1377 891 1424 aberret
898 1378 989 1440 longine
997 1394 1009 1423 r
1016 1389 1093 1423 tuente
1100 1389 1184 1438 poetae.
1193 1378 1230 1422 iii·

179 1440 242 1503 gihit
256 1459 284 1501 a,
297 1450 369 1493 Aren.
381 1449 485 1495 Freinah.
494 1448 583 1496 Waich.
595 1459 689 1512 propter
699 1450 786 1495 domini
798 1466 884 1505 mores,
894 1466 945 1512 quae
960 1449 1028 1497 lectio
1043 1447 1129 1495 Schen'.
1141 1448 1229 1510 piacet,

179 1508 226 1558 itoe
235 1529 318 1561 uentu:
327 1517 358 1562 nii
366 1530 455 1565 mutant
464 1532 560 1581 propter
569 1520 658 1565 domini
667 1536 758 1572 moret,
769 1535 842 1581 quum
851 1523 897 1565 tint
904 1519 986 1574 iidem,
998 1532 1020 1564 et
1030 1517 1101 1571 illiue,
1112 1520 1153 1580 qui
1160 1518 1229 1563 deee-

179 1581 227 1641 dit,
236 1597 258 1630 et
265 1585 324 1633 iiiiut
332 1591 372 1650 qui
382 1590 539 1652 subsequitur.
551 1593 580 1636 Αι
590 1607 644 1636 uero
653 1600 746 1654 propter
754 1606 802 1636 nou
811 1602 845 1635 ert
855 1591 879 1635 'tn
888 1589 954 1635 libris
963 1590 1062 1651 scriptio.
1071 1591 1177 1634 Heintiut
1184 1605 1232 1634 mo·

179 1670 217 1700 res
226 1671 298 1704 mutat
307 1662 330 1704 in
340 1670 429 1706 sortem.
441 1664 528 1708 Nomen
536 1664 623 1723 primur
631 1662 703 1708 edidit
711 1663 848 1722 Bougarriut
856 1696 862 1717 ,
871 1661 968 1708 tettihut
976 1660 1096 1706 Schettero
1104 1672 1126 1707 et
1136 1663 1229 1715 Ursino,

180 1728 219 1770 eui
229 1740 291 1772 reete
302 1731 344 1775 viri
357 1730 419 1776 docti
429 1731 533 1777 obsecuti
543 1744 607 1786 runt,
618 1733 671 1795 quia
681 1732 758 1777 nuilus
768 1747 848 1778 sensus
861 1744 934 1788 earet,
947 1735 965 1778 ei
977 1731 1094 1791 legeretur
1105 1730 1138 1775 nii
1146 1739 1233 1792 preter

179 1792 266 1840 domini
274 1813 348 1844 mores
358 1816 388 1844 m.
400 1817 423 1861 p.
438 1817 510 1863 quum
523 1816 638 1863 pauperet
650 1804 738 1862 possint
749 1817 803 1846 tuot
815 1816 906 1856 moret,
918 1816 965 1846 non
977 1800 1064 1845 domiui
1076 1811 1178 1852 mutare3
1189 1799 1230 1843 ted

178 1862 326 1913 dominorum
336 1885 450 1916 novorum
459 1886 536 1917 moret
545 1884 642 1933 potsunt
653 1872 719 1917 tacite
731 1883 831 1917 tnutntot
840 1869 1025 1933 deprehendere.
1037 1868 1091 1914 vid.
1102 1870 1228 1913 Burmann.

180 1946 204 1980 et
214 1936 285 1982 wolf.
296 1940 385 1986 Vindio.
396 1942 457 1987 Gud.
469 1959 492 2003 p.
504 1940 534 1987 86
543 1957 578 2004 tq.
590 1942 733 2002 conjiciebat
743 1942 812 1988 etium
822 1942 901 1986 Heius.
912 1939 946 1985 nii
952 1949 1037 2003 proter
1044 1939 1158 1984 dominum
1169 1953 1231 1983 more

180 2013 270 2051 mutent
281 2024 398 2071 pauperes.
413 2037 444 2047 —
459 2010 481 2068 4.
498 2011 596 2056 timidus.
612 2013 729 2058 Meumiut
745 2012 857 2068 tumulus,
871 2014 887 2056 i.
903 2027 924 2056 e.
940 2012 1081 2072 impotenter
1094 2009 1230 2063 doudnans,

179 2075 240 2121 ultra
254 2084 412 2128 nceertitatcm
427 2096 449 2129 et
466 2095 545 2130 contru
560 2096 662 2130 mentem
678 2083 776 2129 Phaedri.
795 2084 866 2130 Recte
883 2084 945 2128 enim
959 2082 1062 2133 timidus,
1077 2092 1174 2141 propter
1188 2094 1231 2132 en,

179 2161 232 2207 qu:
244 2162 384 2210 sequuntur,
399 2153 428 2198 de
440 2152 536 2198 contiiio
548 2154 621 2214 fugae,
636 2156 700 2199 utino
715 2153 777 2199 dato.
793 2154 830 2198 Cf.
845 2151 915 2198 Fabri
928 2165 952 2199 et
966 2149 1079 2197 Scheiicri
1090 2151 1145 2195 Not.
1160 2149 1230 2193 Bent-

179 2213 252 2271 ieiut,
271 2220 408 2266 emendandi
426 2225 545 2283 prurigine
564 2235 657 2284 captut,
676 2222 739 2269 libri·
758 2225 849 2279 inritis,
864 2221 934 2283 legit,
949 2237 992 2284 pro
1007 2219 1110 2274 timidus,
1124 2219 1229 2282 quodam,
1254 2232 1257 2236 ·

178 2286 245 2348 quod
255 2291 343 2351 recepit
351 2292 449 2337 Broticr.
456 2319 488 2329 -
497 2294 521 2340 ⁶.
530 2293 609 2339 Asino.
620 2296 751 2340 Burmeuuo
761 2307 896 2355 pertuawm
907 2305 952 2347 cet,
964 2290 1086 2337 Pitaedruut
1098 2291 1229 2351 scripture,

176 2412 348 2486 principatus.
363 2418 426 2470 Tac.
443 2420 504 2490 Agr.
520 2421 554 2472 3:
577 2420 684 2472 uNerra
724 2432 871 2490 temporum
886 2420 948 2469 satis
963 2435 1093 2487 superque
1107 2430 1230 2484 compro·

178 2508 223 2540 res
235 2490 294 2544 oiim
307 2495 484 2550 dissociabiies
496 2500 598 2551 m'ucuit
610 2499 683 2570 pn'u·
723 2499 776 2551 bat.
793 2501 889 2552 Contra
905 2519 918 2550 a
933 2498 1004 2550 bono
1019 2498 1150 2569 principe,
1164 2513 1228 2566 prae·

179 2569 295 2642 Cfpssfum
319 2590 345 2626 et
367 2575 546 2639 libertatem·
571 2591 597 2629 et
616 2575 681 2627 Piin.
724 2593 871 2632 terreteros
879 2598 983 2650 sperare
991 2591 1101 2649 possunt
1109 2596 1169 2628 cum
1178 2575 1229 2626 ho·

178 2650 214 2700 Η·
228 2651 260 2701 Ν.
277 2653 335 2719 Vll,
353 2655 384 2706 8:
403 2658 494 2709 «Nero
510 2670 566 2708 toto
582 2655 682 2728 prinei·
723 2677 817 2710 uorum
832 2674 858 2710 et
871 2657 1041 2729 dignitatum,
1056 2671 1111 2707 tum
1125 2655 1227 2705 divitia-

175 2741 244 2801 patu
262 2752 310 2784 suo
328 2734 409 2786 hostis
423 2739 525 2809 generis
541 2737 658 2789 humaui.
670 2759 681 2781 r
724 2756 782 2788 rurn
806 2739 966 2789 incrementa
988 2749 1013 2787 ct
1034 2734 1084 2785 alia
1102 2735 1227 2785 virtutum

176 2810 209 2860 In
233 2814 421 2866 commutando
441 2818 520 2886 igitur
539 2818 595 2886 ejus
614 2813 684 2865 modi
724 2821 837 2889 prumia.
848 2819 918 2869 Dixit
928 2829 1015 2868 autem
1026 2815 1148 2866 Phaedrus
1158 2817 1230 2885 pritt-

175 2891 330 2962 principatu
343 2896 452 2946 mutatio
465 2895 619 2968 pierumque
631 2917 684 2949 nou
725 2897 824 2968 cipetut
832 2897 943 2957 civium,
954 2908 982 2945 ut
992 2893 1038 2944 lib.
1049 2897 1069 2959 i,
1082 2893 1134 2944 tab.
1145 2893 1229 2953 XXX,

173 2971 293 3045 pertinet
304 2970 336 3020 nti
347 2991 488 3043 pauperes,
500 2988 592 3026 tenues
601 2988 626 3027 et
636 2975 683 3027 hu·
723 2977 753 3041 5,
767 2999 777 3021 ι
788 2978 950 3047 principatus
960 2979 1054 3043 gregis.
1065 2996 1075 3017 n
1088 2974 1149 3022 Non
1159 2972 1229 3022 enirn

174 3045 268 3111 miles,
281 3048 389 3118 quibus,
405 3064 432 3100 ut
446 3065 506 3101 utar
519 3051 603 3102 verbis
618 3053 682 3103 Bur·
723 3076 782 3107 cum
792 3055 860 3108 Gud.
873 3056 1008 3106 Santoroe.
1024 3050 1181 3102 [alternant.
1193 3080 1230 3090 -

175 3129 283 3193 manni,
293 3131 505 3183 cxticissitudine
512 3133 553 3183 vix
561 3130 684 3203 licetspe-
723 3136 819 3186 civium
832 3133 998 3185 referendum
1010 3129 1042 3181 ad
1050 3147 1189 3200 pauperes,
1200 3144 1228 3179 ut

176 3225 239 3258 rare
246 3206 361 3261 honores
367 3209 406 3260 vel
411 3209 559 3280 dignitates,
565 3208 604 3262 vel
610 3230 683 3281 opes.
726 3213 820 3263 civium
830 3229 960 3282 pauperes
970 3211 1019 3260 sint
1028 3207 1139 3280 plebeii,
1148 3207 1232 3262 hurni-

177 3286 247 3338 Sttut
257 3290 325 3338 enirn
335 3308 408 3360 eque
416 3291 586 3360 miseriatque
594 3301 684 3341 tenues
725 3289 771 3342 ies.
792 3288 918 3362 Equidem
931 3308 956 3340 v.
976 3305 1002 3352 t,
1021 3300 1165 3339 verterem:
1183 3290 1231 3357 bey

178 3381 208 3420 et
231 3384 344 3422 manent.
367 3371 466 3421 ttomm
490 3389 543 3421 non
565 3371 684 3436 interest,
727 3369 911 3443 Veriindemnq
928 3368 971 3418 der
986 3365 1132 3441 Reqierunp
1150 3367 1176 3419 in
1193 3370 1232 3419 ei-

180 3447 276 3520 quibus
294 3450 419 3515 serviant,
438 3449 500 3501 dum
512 3452 604 3520 jugum
619 3469 685 3501 sein·
726 3468 785 3502 rtem
797 3449 899 3509 Stuote;
911 3448 956 3500 sed
968 3446 1057 3500 maliet
1069 3447 1107 3498 Ci.
1120 3449 1230 3501 Sattier:

179 3547 230 3601 per
240 3544 352 3601 portent.
367 3533 404 3583 Rc
416 3551 476 3583 vera
489 3532 567 3602 igitur
579 3529 615 3580 nii
627 3550 685 3582 mu·
725 3529 798 3598 beym
813 3527 931 3580 Umsturz
943 3526 991 3578 der
999 3528 1160 3602 liepierttrtq‚·
1172 3527 1232 3579 Lal-

180 3623 252 3676 tant,
266 3627 357 3683 prater
371 3632 467 3664 nomeu
480 3613 615 3684 principis.
635 3611 685 3664 Sed
725 3609 784 3661 lem.
798 3628 874 3676 vero,
893 3610 957 3661 dans
972 3628 1024 3662 une
1040 3606 1183 3662 revolution
1200 3611 1231 3663 de

181 3687 481 3743 aliareseetindititibus
491 3705 517 3743 et
524 3690 684 3762 potentibus,
723 3700 935 3762 qouvemement.

181 3770 216 3823 ad
239 3791 304 3843 quot
327 3773 437 3825 muitum
460 3776 550 3845 utique
572 3776 685 3844 pertinet
761 3770 786 3836 4
809 3771 920 3822 timidus.
938 3771 1037 3840 Aptutn
1053 3768 1232 3839 §ettiEpithe·

179 3851 343 3923 principatur
367 3855 550 3918 commutatio,
576 3854 629 3904 sire
652 3855 684 3905 sit
726 3867 781 3904 ton.
796 3854 886 3924 ltaque
900 3870 955 3902 nou
970 3870 1036 3921 opus
1054 3863 1109 3900 erat
1127 3868 1232 3900 correc-

180 3929 282 3993 bonus,
298 3933 349 3982 sive
364 3931 448 3982 maius
460 3935 590 4003 princeps.
603 3933 685 4003 impe·
726 3932 805 3982 tione.
821 3951 844 3982 v.
856 3933 887 3981 V.
901 3931 929 3980 L.
940 3959 976 3969 -
986 3932 1010 3981 5.
1025 3929 1109 3980 subito
1122 3930 1231 3978 territus.

181 4021 259 4059 rante
279 4009 347 4059 euim
363 4009 432 4061 malo
450 4012 582 4081 principe,
602 4011 685 4081 qualis
725 4012 795 4061 Bene
813 4010 912 4060 territus
926 4008 962 4074 ‘rep‘
979 4008 1061 4058 subito
1080 4005 1229 4076 respondet.

182 4090 234 4140 fuit
241 4087 368 4156 Tiberius,
376 4091 555 4161 periclitantur
562 4091 685 4157 honores,
725 4120 762 4132 -
772 4090 894 4142 elamore.
905 4091 1035 4157 impetum
1044 4085 1176 4138 faciebant
1185 4087 1233 4135 mi-

182 4169 291 4233 divitie,
308 4172 365 4242 ipsa
380 4172 493 4244 denique
509 4175 562 4224 rita
577 4173 687 4225 divitum
726 4170 783 4222 litet
797 4189 857 4222 cum
869 4169 992 4219 elamore.

181 4263 209 4302 ot
227 4250 388 4320 potentium,
406 4265 435 4303 ut
454 4250 562 4305 historia
577 4252 687 4304 istorum
762 4250 789 4301 6.
810 4247 936 4301 Suadebat
957 4247 1037 4300 Asino
1052 4246 1160 4317 fuqetr,
1183 4261 1233 4316 pro
