2820 5018
397 458 491 523 tio.
516 461 547 536 1,
572 461 668 523 sin.
693 461 779 524 xn.
1047 461 1110 551 379

64 602 103 664 ln
119 621 181 688 qna
194 601 329 661 retentis
342 600 519 687 impeditus
532 600 701 678 cornibus,
1081 633 1112 666 ιο

59 705 213 768 Lacerari
226 705 324 790 coepit
337 705 499 768 morsibus
513 707 605 768 saevis
618 728 747 767 canum.

58 813 158 875 Tune
170 811 314 873 moriens
327 835 441 875 vocem
454 810 539 874 lianc
552 811 694 876 edidisse
708 810 828 874 dicitur
839 837 845 873 2

57 917 90 982 Ο
104 940 157 979 rne
171 916 348 979 infelicem!
363 918 419 1004 qui
434 940 521 979 nune
534 915 668 980 demum
682 917 844 1002 intelligo,

58 1022 164 1086 Utilia
177 1019 258 1083 mihi
272 1044 370 1108 quum
384 1021 521 1098 fuerint,
536 1043 609 1108 quse
622 1021 850 1108 despexerim,

95 1187 131 1217 io.
147 1169 280 1216 Schefferus
291 1171 393 1225 dubitat,
403 1187 432 1215 au
442 1173 529 1217 'rectius
538 1173 566 1216 sit
576 1180 675 1217 retemus
685 1172 808 1234 impeditis,
820 1183 845 1216 nt
855 1169 964 1231 impedite
973 1185 1061 1218 cornua
1068 1175 1112 1218 tint

56 1245 130 1289 ramis
145 1241 262 1303 implicatis
277 1242 390 1288 devincta.
406 1244 455 1304 Ego
469 1259 541 1305 quum
556 1244 641 1289 similes
655 1243 785 1289 locutiones
798 1255 897 1304 utroque
909 1242 979 1288 modo
991 1245 1112 1290 enuntiate

56 1314 156 1360 defendi
169 1316 269 1375 possint,
283 1313 398 1375 vulgatam
409 1316 552 1362 retinendam
565 1332 615 1361 esse
628 1331 729 1362 censeo:
741 1330 794 1360 narn
806 1330 892 1359 cornus
906 1312 948 1359 leri
959 1316 1019 1360 inter
1030 1315 1113 1361 densos

56 1382 173 1428 arborum
184 1398 261 1429 remos
273 1382 402 1438 hiemum,
415 1396 438 1428 et
448 1384 483 1430 his
492 1388 557 1449 qussi
568 1385 662 1432 vinculis
672 1387 720 1447 ipse
730 1384 854 1446 impeditus
864 1383 906 1429 fuir
918 1400 1008 1431 cervus.
1019 1387 1055 1431 Sic
1065 1386 1113 1433 Sal-

54 1454 114 1500 13191.
125 1455 178 1514 Jng.
190 1454 254 1507 Ltn,
265 1452 379 1515 eleplmnti
386 1457 486 1517 impediti
495 1460 563 1501 ramis
572 1455 688 1501 ariorum.
698 1457 821 1499 Burmann.
834 1454 895 1500 Gud.
906 1471 950 1516 pro
960 1459 1050 1501 retentis
1060 1472 1114 1502 eon-

50 1523 109 1584 jieit
122 1526 227 1577 vetemus,
244 1525 258 1566 i.
275 1539 295 1568 e.
310 1524 425 1585 repandis.
439 1551 469 1560 ·-
484 1541 519 1572 ι).
535 1527 637 1571 edidisse.
654 1525 712 1570 Cod.
728 1527 786 1570 Dan.
802 1525 889 1570 dedisse
902 1540 978 1569 vocem
989 1523 1058 1580 tanc,
1070 1542 1113 1587 pro

55 1594 222 1658 quoileinsius
232 1593 285 1654 legit
296 1610 301 1638 :
312 1595 406 1640 edidisse
415 1612 491 1641 vocem
501 1596 566 1642 lianc.
578 1596 622 1642 Sed
632 1595 664 1641 nil
674 1594 817 1640 mutandum.
827 1619 857 1629 -
871 1593 905 1638 13.
916 1592 1021 1658 sutellius.
1034 1597 1112 1641 lleius.

54 1663 192 1728 inteliiqom.
205 1691 235 1700 -
250 1664 285 1720 ¹l·
299 1667 361 1711 1188.
378 1666 435 1713 Pitli.
449 1681 472 1712 et
485 1670 548 1713 Rern.
562 1677 588 1712 ut
601 1666 640 1713 itta
652 1667 785 1729 mihiquem
795 1665 928 1729 profuerint.
943 1666 1023 1727 ltaque
1037 1665 1113 1711 multae

55 1735 193 1781 editiones:
206 1744 231 1780 ut
243 1734 281 1780 illa
294 1735 349 1780 milii
357 1738 495 1800 profuerint,
507 1756 530 1802 q.
544 1740 567 1783 d.
580 1741 617 1784 Sic
630 1736 744 1791 Pithoeus,
758 1735 838 1797 Rigalt.
853 1751 874 1780 α.
887 1734 967 1779 Nevel.
979 1736 1056 1780 Ursiu.
1068 1737 1114 1795 pri·
1200 1771 1203 1778 .

54 1818 97 1850 ma
113 1805 190 1849 Burni.
205 1806 291 1851 Fancc.
308 1805 400 1852 Lallcm.
417 1808 504 1853 Scheii.
521 1812 581 1854 Broc.
596 1807 675 1852 Didot.
692 1807 776 1851 omisso
792 1801 825 1865 ru*
843 1819 928 1866 quam,
945 1802 1010 1866 quod
1023 1803 1114 1847 videtui·

56 1927 126 1981 buli.
140 1930 175 1995 11,
191 1947 214 1996 ι,
231 1947 275 1999 19,
298 1955 309 1976 ι
319 1932 397 2002 Seges
409 1931 490 1984 eludit
503 1953 568 1985 mes·
610 1930 673 1983 olim
681 1928 861 1981 liittershusio.
870 1926 926 1978 Lib.
938 1929 974 1990 Π,
986 1926 1038 1976 131).
1047 1928 1114 1988 vttl,

57 2028 116 2061 sem
126 2007 264 2061 fallacibus
275 2010 371 2063 herbis.
384 2036 393 2058 ι
407 2016 498 2084 ltaque
507 2033 569 2084 poe·
612 2011 656 2077 14,
671 2009 704 2060 de
719 2026 808 2068 ⁰⁰¹'V03
822 2005 866 2058 lib·
880 2009 916 2071 tt,
931 2004 985 2056 fal>-
1001 2007 1025 2068 1,
1040 2004 1070 2069 6)
1082 2003 1115 2053 (1“’

57 2100 88 2140 ta
110 2087 136 2139 h.
161 2086 177 2139 1.
200 2088 391 2160 elegantissime
414 2093 495 2142 utitur
516 2090 568 2142 hoc
609 2088 808 2153 leone;lib.IV,
823 2086 877 2137 131).
891 2086 935 2150 lv,
949 2084 979 2149 3,
994 2081 1026 2134 de
1040 2101 1113 2153 apro.

56 2168 142 2221 verbo
150 2168 181 2220 de
190 2167 501 2241 fallacibusainbagibus,
510 2191 567 2237 seu,
607 2173 647 2223 De
662 2189 738 2222 cervo
752 2169 830 2221 etiam
842 2168 913 2236 Viror
933 2164 997 2216 dixit
1007 2164 1113 2235 ferum,

57 2259 91 2298 ut
108 2249 143 2298 ait
160 2247 322 2316 Scheiferus,
344 2251 376 2303 de
395 2251 443 2303 illis
459 2252 568 2305 flexibus
608 2253 667 2302 AEn.
686 2251 745 2313 Vll,
770 2249 811 2317 89.
831 2245 911 2317 Apud
929 2246 1051 2315 antiquos
1065 2263 1114 2314 pro

59 2327 265 2398 circuitibusque
288 2328 420 2400 implicitis
442 2344 467 2381 et
491 2332 517 2380 in
541 2349 568 2381 se
609 2333 700 2402 quovis
720 2330 852 2380 animante
869 2325 971 2396 legitur.
990 2325 1113 2393 SieVirg.

58 2405 247 2473 redeuntibus,
269 2409 359 2480 quales
380 2412 448 2462 cervi
466 2412 566 2462 faciunt
608 2413 665 2462 AEn.
680 2413 714 2476 11,
727 2409 757 2461 5ι
767 2446 776 2473 ,
788 2407 821 2459 de
831 2424 908 2477 equo.
921 2406 952 2454 V.
963 2404 1112 2474 Dispontiu-

58 2487 87 2537 in
109 2487 185 2557 fuga,
206 2502 230 2540 et
250 2490 286 2540 sie
305 2492 471 2562 insequentes
488 2509 566 2543 canes
607 2491 658 2541 Sed
680 2509 706 2540 re
730 2506 792 2539 vera
818 2485 1011 2538 substantivum
1032 2503 1066 2533 m.
1088 2500 1112 2552 g.

58 2563 167 2617 fallunt.
180 2563 232 2618 Alii
245 2567 377 2639 explicant
388 2569 463 2620 elabi.
479 2573 564 2621 iinon.
608 2567 827 2621 subaudiendum.

58 2642 112 2697 Nil.
134 2645 228 2696 evadit.
248 2649 376 2717 lnterpres
397 2648 527 2715 Gallicus,
546 2649 568 2701 il
646 2666 685 2701 to.
701 2647 790 2714 Quum
805 2640 1040 2714 cornuavirgultis
1054 2643 1115 2692 reti·

58 2721 196 2793 s’lcliappa
208 2724 354 2777 derelictis.
367 2730 404 2777 lta
415 2727 453 2778 Cl.
464 2729 565 2780 Sattler.
608 2740 748 2791 ueremur,
763 2744 848 2796 eoque
863 2743 954 2776 cervus
973 2721 1114 2793 impeditus

57 2798 69 2874 l
80 2803 153 2853 Nos:
172 2801 193 2851 ii
207 2803 256 2852 mit
269 2802 304 2853 les
320 2804 408 2856 chiens
422 2825 455 2856 en
467 2807 565 2877 desem.
606 2810 705 2860 fuisset.
735 2803 836 2858 Sattler.
861 2803 999 2876 qeliindert
1024 2801 1115 2854 durelis

13 2940 23 2957 ,Ι
56 2877 111 2952 (1.1
126 2878 201 2930 Adde
214 2882 292 2931 Gesn.
305 2881 383 2932 Thes.
401 2885 428 2934 L.
447 2885 475 2934 L.
492 2885 518 2936 h.
535 2887 566 2951 V,
608 2882 890 2937 verwiclreiteGeweili.

17 2990 21 2997 ·
56 2958 202 3011 “Donat
224 2957 255 3007 ad
274 2961 333 3009 Ter.
354 2960 420 3010 Eun.
439 2963 462 3025 1,
482 2978 505 3025 r,
527 2980 566 3014 to.
647 2958 1000 3030 rt.Iaeeraricoepit.Vid.
1020 2955 1112 3007 adlih.

11 3100 15 3107 .
53 3036 159 3090 Forsan
181 3035 288 3087 Plnedro
307 3039 404 3106 praeivit
421 3040 490 3108 Virg.
508 3041 565 3092 AEu.
608 3045 631 3104 1,
647 3041 699 3091 fab.
714 3042 749 3102 11,
763 3042 787 3092 8.
800 3068 836 3078 -·
847 3037 925 3088 soevis.
947 3037 1017 3086 infra
1030 3034 1075 3087 lib.
1088 3038 1113 3100 1,

53 3112 104 3168 lib.
120 3116 171 3177 111,
191 3113 242 3181 694
258 3133 294 3185 sq.
309 3144 344 3154 —
355 3117 462 3185 excepit.
482 3117 567 3170 Locus
607 3119 660 3171 131).
675 3120 773 3182 xxxi,
796 3135 841 3181 ι),
857 3118 917 3167 soeui
931 3134 1037 3188 unques.
1051 3117 1113 3185 Epi·

53 3193 195 3267 eleganter
207 3193 303 3244 dicitur
312 3195 442 3266 excipere,
453 3197 480 3246 in
491 3216 567 3268 quem
608 3199 700 3250 theton
712 3197 825 3268 elegans.
837 3196 894 3246 Vid.
910 3195 943 3247 ad
957 3194 1002 3246 lib.
1016 3198 1040 3261 1,
1057 3196 1111 3246 fab.

53 3274 145 3327 aliise
157 3275 286 3343 recipiunt
296 3286 322 3324 et
333 3286 390 3325 tuto
402 3275 566 3344 confugiunt.
607 3278 643 3342 11,
669 3294 715 3341 ιο,
739 3289 765 3328 et
782 3276 842 3326 Ver.
863 3275 933 3325 Leet.
960 3273 994 3325 ad
1012 3273 1056 3325 lib.
1075 3276 1113 3339 ΙΙ,

53 3353 114 3407 Cic.
136 3351 169 3402 de
188 3353 249 3421 Leg.
263 3355 298 3416 ΙΙ,
321 3351 350 3416 5,
372 3354 491 3424 «patria,
512 3373 568 3424 quse
608 3355 662 3406 fab.
676 3357 724 3420 111,
741 3372 763 3404 1.

52 3451 110 3485 nos
124 3433 240 3501 excepit,
262 3450 316 3481 non
334 3451 409 3484 secus
428 3431 512 3483 dulcis
530 3448 568 3485 est
648 3452 686 3486 m.
700 3433 806 3485 edidisse
819 3450 914 3482 uocem.
934 3429 1037 3482 laudat
1051 3430 1115 3483 Bur-

53 3531 106 3577 ea,
119 3528 176 3581 que
189 3530 236 3562 nos
247 3512 345 3581 genuit.
358 3535 368 3555 n
385 3514 519 3562 llnrtman.
533 3515 568 3563 ci·
608 3531 720 3563 marmus
730 3513 784 3563 cic.
794 3509 828 3561 de
838 3509 893 3560 Div.
905 3512 930 3573 1,
943 3526 988 3575 21,
1003 3530 1113 3562 «vocem

55 3606 101 3645 tat
117 3589 205 3642 llutrlii
219 3594 335 3642 itinerar.
355 3594 380 3656 1,
399 3591 465 3656 338,
489 3590 568 3642 nFlu-
608 3592 722 3644 divinam
734 3589 813 3642 edidit
827 3587 931 3659 Apollo.
943 3611 954 3633 n
972 3587 1029 3639 Vol.
1043 3591 1112 3641 Max.

54 3690 138 3731 men,
150 3670 220 3741 quod
229 3685 285 3723 tuto
294 3671 409 3741 trepidas
417 3674 513 3742 excipit
523 3692 568 3725 ore
607 3675 656 3738 vi,
678 3690 714 3737 tv,
736 3686 785 3723 ext.
806 3671 837 3722 3:
860 3693 870 3715 s
881 3668 1029 3721 Alexander
1042 3670 1114 3722 illam

52 3764 162 3805 rates·
179 3750 219 3802 sic
238 3748 361 3802 Kleistius
380 3753 465 3802 canit:
484 3752 568 3821 Emp·
607 3771 697 3804 vocem
718 3747 841 3802 nobiliter
861 3747 972 3800 edidit·
999 3748 1057 3800 Vid.
1081 3751 1114 3802 ad

47 3831 141 3905 sanqt
154 3829 223 3879 micli
242 3829 336 3903 lieiiiye
349 3830 479 3883 Schatten.
497 3832 566 3882 Infra
607 3827 652 3882 hb.
666 3832 690 3894 1,
706 3828 759 3879 131).
775 3830 824 3892 lx,
839 3827 862 3878 3.
879 3827 929 3880 Sed
943 3829 1028 3879 oratio
1040 3828 1114 3880 Cervi

53 3911 126 3963 dixit
139 3908 261 3960 Phiedrus
271 3911 387 3982 recipere.
399 3910 456 3961 vid.
469 3909 512 3963 111).
523 3913 565 3977 1V,
607 3909 756 3963 moribundi
771 3908 842 3960 abest
853 3909 880 3959 in
888 3907 941 3958 131).
951 3908 1033 3957 1111111
1046 3907 1115 3978 Aph-

55 3989 117 4043 tab.
134 3989 230 4053 xxm,
242 4006 289 4049 2⁰3
300 3988 344 4039 lib.
358 3991 401 4054 IV,
414 3989 469 4040 fab.
480 3990 528 4053 vt,
540 3989 565 4056 l·
607 3989 692 4041 thooii
704 4003 729 4040 et
743 3990 798 4039 XL!
811 3989 942 4058 Anonymi
955 3984 1005 4036 Nil.

55 4066 130 4141 [vid
157 4084 214 4135 sup.
231 4068 253 4128 Ι,
268 4084 307 4130 ιι,
322 4069 348 4118 6.
363 4064 565 4137 G.]-ferum.
646 4071 686 4120 13.
711 4086 782 4117 nunc
804 4069 917 4119 (lemtim.
940 4067 1023 4116 Nimis
1045 4082 1111 4115 sero.

55 4150 144 4201 Ferus
163 4143 280 4196 absolute
297 4166 344 4217 pro
358 4148 419 4218 fero
439 4151 535 4218 passim
553 4168 567 4199 a
607 4148 666 4198 Ter.
675 4149 769 4197 Hesut.
780 4147 815 4209 11,
827 4162 871 4209 nr,
886 4162 930 4209 ia,
946 4143 1031 4195 uvaht
1044 4159 1113 4191 nunc

56 4224 171 4280 Phaedro
198 4239 352 4295 usurpatur,
378 4239 487 4280 notante
511 4230 568 4296 jam
608 4226 713 4279 demum
727 4222 877 4293 intelligo.»
