2820 5018
332 510 602 576 TABULARUM
624 509 1086 582 LITHOGuaPfflctRUM.
1164 520 1227 610 xvij

183 653 233 710 ait
244 652 374 730 Begerus
384 649 439 727 (1),
455 645 580 706 hominis
590 645 712 721 donum,
732 647 814 733 cnjus
826 651 928 710 uirtute
938 655 1023 712 etiam
1034 668 1099 736 post
1110 669 1228 717 mortem

180 743 271 815 vivit,
286 737 418 798 addens:
434 736 465 795 id
476 756 546 796 sone
559 736 694 810 intendit,
706 740 756 818 qui
770 734 917 799 lucernum
927 745 1102 824 propositam
1116 745 1231 829 effinxit

177 841 215 887 et
224 825 354 909 sepulcri>
364 846 416 886 suo
428 823 538 898 intulit,
553 838 710 886 remoturus
722 824 851 888 videlicet
863 832 962 890 mortis
974 852 1096 913 cnqores
1105 846 1231 895 conoens·

173 913 317 994 piatione
328 915 393 972 vitoe
407 912 592 987 immortalis,
608 909 840 996 qnodjnstorum
855 919 964 978 animae
976 918 1017 978 od
1029 917 1160 981 orlenm
1173 943 1230 1003 pn-

175 1007 344 1075 rissimum,
363 1001 445 1086 cnjus
458 1001 619 1084 symbolum
640 1005 776 1064 Minerua
791 1019 845 1079 est,
868 1016 897 1067 et
914 1029 998 1088 quem
1020 1011 1083 1090 ipso
1101 1009 1229 1071 hnntcno

181 1090 247 1152 into
260 1093 437 1172 inspirasset,
452 1104 518 1172 post
530 1103 649 1151 mortem
665 1113 761 1152 rursus
773 1092 958 1155 adscendunt.
974 1097 1050 1156 Tota
1065 1110 1167 1158 autern
1183 1097 1230 1159 fa·

175 1176 259 1238 bula
272 1176 312 1236 de
326 1175 505 1238 Prometheo
522 1191 552 1238 et
564 1178 703 1239 Minerva
717 1178 814 1240 videri
828 1183 924 1263 possit
939 1181 1123 1244 adumbrato
1137 1205 1228 1247 essee
1267 1232 1270 1236 .

178 1265 285 1325 serbis
296 1264 390 1324 Mosis
401 1263 454 1325 lib.
467 1266 496 1343 l,
512 1286 578 1347 cap.
594 1287 632 1336 11,
650 1289 682 1348 7,
700 1267 755 1327 ubi
767 1269 841 1330 deus
855 1268 991 1347 homini,
1010 1271 1125 1354 egleba
1139 1287 1228 1335 terrae

180 1352 334 1426 formato,
344 1351 449 1413 flando
458 1354 602 1434 spiritum
612 1354 736 1415 vitalem
747 1357 944 1439 animamque
952 1358 1096 1421 indidisse
1105 1359 1229 1424 dicitur.

185 1441 244 1500 (lui
258 1441 384 1522 quidem
396 1445 553 1503 sententiaa
565 1456 818 1522 monumentum,
831 1446 938 1527 paullo
950 1463 1021 1509 ante
1037 1471 1066 1532 p.
1083 1448 1228 1530 praeced,

188 1545 249 1591 not.
263 1533 281 1591 3
296 1530 495 1613 descriptum,
510 1532 570 1594 dici
583 1535 633 1594 vix
645 1549 760 1617 potest,
774 1536 850 1617 quid
864 1538 957 1598 addat
968 1540 1085 1600 roboris
1096 1540 1151 1619 (a),
1165 1541 1229 1599 nisi

187 1623 256 1701 quis
269 1620 358 1682 malit
373 1634 427 1682 aut
443 1644 514 1683 cum
529 1626 688 1684 Lactantio
702 1625 744 1705 (3)
756 1624 921 1707 conjicere,
931 1629 1071 1710 ‘primum
1086 1629 1229 1688 omnium

186 1708 405 1771 Prometheum
417 1701 614 1774 simulacrum
627 1713 763 1775 hominis
773 1715 918 1778 formasse
930 1717 968 1778 de
978 1718 1064 1779 molli
1076 1732 1105 1778 et
1116 1718 1228 1800 pingui

186 1797 277 1875 limo,
294 1799 334 1859 ab
351 1821 449 1882 eoque
464 1802 564 1885 primo
578 1816 685 1863 natam
700 1825 776 1865 essse
790 1819 901 1882 anem,
919 1820 949 1867 et
964 1820 1076 1868 statuas
1090 1822 1120 1868 et
1133 1807 1227 1868 simu-

185 1884 267 1946 lacra
277 1885 431 1968 fingendi,
444 1890 545 1970 sicque
559 1903 660 1950 ortam
672 1911 733 1951 esse
745 1890 899 1953 fabulam:
914 1908 967 1952 aut
979 1895 1003 1952 si
1014 1891 1080 1954 hsce
1092 1914 1155 1954 uon
1167 1893 1229 1976 pla·

185 1987 289 2048 ceant,
307 1988 451 2052 statuere,
472 1976 703 2051 Prometheum,
724 1997 787 2037 non
807 1979 904 2058 magis
928 1999 1052 2038 morum
1071 1981 1228 2038 sanctitate

184 2081 280 2140 quam
292 2061 433 2124 doctrina
444 2062 563 2124 clarum
575 2063 760 2145 principem,
772 2062 915 2124 homines
926 2066 1041 2124 mirum
1053 2065 1085 2123 in
1098 2064 1228 2123 modum

185 2149 328 2211 efferatos
342 2166 371 2212 et
386 2153 490 2230 rudes,
509 2175 565 2214 nec
583 2153 663 2236 leges
678 2152 839 2229 habentes,
856 2155 1012 2236 praeceptis
1026 2153 1227 2214 humanitatis

185 2239 344 2317 imbuisse,
357 2243 539 2324 eosdemque
548 2243 683 2303 docuisse
692 2243 913 2324 agriculturam
922 2257 952 2303 et
960 2243 1035 2304 alias
1045 2256 1137 2319 artes,
1149 2262 1227 2323 quas
1287 2318 1294 2336 .

184 2330 329 2410 protulit,
345 2353 402 2414 ope
419 2335 497 2415 ignis
514 2332 651 2416 adjutus,
670 2334 771 2415 sicque
784 2335 822 2395 ad
836 2332 1061 2395 humanitatem
1075 2333 1228 2417 perduxis-

185 2439 213 2478 se
227 2417 286 2496 (4);
301 2426 387 2502 cujus
399 2424 494 2505 igitur
505 2443 622 2483 nomen
636 2435 748 2503 poetae,
761 2424 817 2504 qui
831 2424 937 2484 omnia
949 2422 1056 2505 figuris
1071 2421 1227 2482 involvere

185 2519 213 2564 ct
225 2506 387 2569 obscurare
398 2509 552 2584 solebant,
565 2510 603 2569 ad
617 2528 752 2569 errorem
767 2508 881 2569 fabulae
892 2508 1085 2569 traduxerint
1098 2509 1148 2587 (5).
1167 2506 1226 2567 Alii

186 2592 218 2650 in
233 2591 291 2654 hac
307 2616 340 2655 re
352 2596 500 2656 Minervae
515 2597 590 2656 alias
606 2596 682 2656 dant
698 2609 808 2678 partes.
825 2599 962 2678 Fingunt
981 2598 1080 2671 enim,
1098 2596 1226 2655 Prome·

187 2679 290 2742 theum
304 2698 376 2766 post
389 2685 485 2747 factos
496 2708 514 2745 a
530 2708 560 2746 se
573 2685 729 2760 homines,
744 2685 858 2746 auxilio
874 2688 1037 2756 Minervae,
1049 2686 1159 2746 caelum
1174 2684 1227 2744 ud·

186 2772 346 2849 scendisse,
365 2791 395 2834 ct
414 2775 550 2836 adhibita
565 2775 663 2835 ferula
678 2774 717 2835 ad
737 2789 837 2836 rotam
851 2774 938 2852 Solis,
954 2779 1058 2857 ignem
1072 2776 1226 2849 furatum,

186 2883 273 2942 quem
291 2864 469 2928 hominibus
485 2867 674 2929 indicaverit.
692 2867 737 2926 lta
752 2867 871 2927 Servius
886 2869 935 2946 (6).
949 2867 1074 2927 Plenius
1087 2888 1153 2926 rem
1164 2881 1224 2925 tra·

186 2948 259 3010 didit
271 2952 450 3035 Fulgentius
461 2956 516 3037 (7),
533 2955 683 3016 scribens:
704 2979 718 3008 ιι
729 2953 945 3015 Prometheum
960 2956 1047 3014 aiunt
1063 2952 1225 3014 hominem

186 3058 217 3097 ex
227 3040 294 3101 lnto
304 3040 443 3116 finxisse,
456 3065 549 3125 quem
560 3043 685 3125 quidem
698 3044 904 3103 inanimatum
915 3055 1007 3124 atque
1018 3039 1225 3102 insensibilem

187 3125 307 3205 fecerat,
325 3129 411 3211 cujus
427 3153 505 3214 opus
522 3132 663 3192 Minerva
681 3131 790 3191 mirata
809 3128 976 3214 spopondit
994 3131 1036 3205 ei,
1055 3140 1090 3189 ut
1107 3131 1131 3191 si
1150 3125 1225 3209 quid

216 3334 256 3403 (ι)
267 3336 378 3389 Lucem.
390 3337 534 3409 Sepulcral.
547 3341 575 3390 P.
586 3341 610 3405 l,
620 3359 647 3410 p.
662 3357 682 3390 ι.
724 3352 831 3391 monstr.
853 3357 942 3408 evang.
964 3357 991 3409 p.
1011 3356 1045 3387 m.
1068 3335 1130 3403 163,
1153 3333 1226 3406 quod

215 3413 255 3485 (a)
267 3415 307 3467 cf.
322 3416 430 3483 Banier,
452 3418 626 3492 Erliinternnp
639 3419 686 3471 der
724 3418 843 3471 homines
854 3419 931 3471 rudes
943 3432 968 3470 et
980 3415 1109 3489 simplices
1119 3420 1225 3468 Prome·

187 3495 357 3563 Gb'tterielire,
379 3500 409 3551 T.
434 3501 457 3566 1,
477 3519 504 3570 p.
530 3499 593 3565 ι4ο,
617 3520 684 3553 vers.
724 3497 800 3551 theus
809 3498 951 3571 disciplinis
960 3499 1117 3562 instruxerit,
1126 3497 1224 3549 idcirco

185 3572 307 3644 Schlegel.
723 3576 857 3630 hominum
876 3579 994 3630 fictorem
1016 3576 1144 3630 creditum
1170 3593 1225 3627 esse

213 3655 254 3724 (3)
266 3657 348 3708 lustit.
359 3656 416 3708 Div.
427 3655 471 3710 lib.
482 3661 518 3726 11,
530 3679 587 3732 cap.
607 3677 646 3714 ιο.
723 3669 828 3710 censet:
844 3656 909 3722 prosi
926 3654 951 3707 h*
969 3653 1073 3723 sinape
1088 3652 1128 3705 sal
1147 3651 1228 3707 inni·

214 3734 253 3805 (4)
264 3735 380 3809 AEschyl.
392 3739 523 3793 Ptometh.
536 3741 584 3809 44ι
602 3761 659 3813 sqq.
723 3756 793 3787 ursa
808 3735 846 3787 iau
866 3727 890 3788 ir
906 3732 1048 3804 sspcpsdsin,
1068 3732 1097 3791 te
1113 3753 1185 3801 risse,
1204 3730 1226 3788 ts

214 3814 252 3885 (5)
272 3818 342 3869 Hinc
363 3820 455 3890 Hygin.
481 3824 553 3874 Poet.
577 3822 681 3874 Antron,
722 3814 836 3868 ausimo
858 3815 991 3884 sirdprirrooc
1013 3814 1143 3881 incisim·
1161 3811 1226 3873 oscis

185 3890 223 3944 lib.
234 3896 267 3960 ll,
277 3913 301 3946 c.
317 3897 361 3948 15:
375 3899 575 3965 «Prometheus,
585 3900 681 3970 inquit,
722 3890 769 3964 ⁷²¹?
786 3893 830 3962 cir,
847 3893 876 3950 tir
892 3896 1000 3947 aethici
1017 3891 1166 3950 sinticius*
1186 3893 1225 3948 sit

184 3989 286 4044 propter
296 3974 475 4029 excellentiam
485 3980 582 4049 ingenii
591 3981 683 4031 miram
723 3973 786 4039 ἰγαι
794 3973 1137 4038 &wintonium-Vid-
1146 3974 1224 4024 etiam

184 4047 585 4119 bominesfiuxisseexistimatur;
595 4080 605 4104 ι
615 4059 683 4109 Afri·
722 4052 819 4104 Βαλίον
829 4052 847 4103 l·
857 4071 881 4104 c·
894 4054 924 4103 T·
940 4054 987 4118 Ill,
1002 4072 1028 4123 p.
1046 4068 1092 4103 ²²1
1110 4070 1149 4122 sq·

184 4145 260 4183 canus
273 4151 335 4184 vero
348 4131 392 4184 lib.
411 4136 457 4196 lll,
473 4134 619 4206 Chronogr.
637 4155 680 4207 ap.
756 4132 795 4204 (6)
807 4133 849 4184 Ad
867 4135 937 4204 Virg.
955 4131 1009 4183 Ecl.
1026 4133 1073 4197 Vl,
1089 4131 1137 4197 423
1154 4129 1184 4179 T.
1199 4131 1223 4191 l,

186 4205 273 4261 Euseb.
287 4213 367 4282 Praep.
381 4209 426 4264 lib.
437 4215 473 4279 X,
486 4233 509 4265 c.
526 4231 570 4279 ro,
581 4234 607 4284 p.
618 4213 678 4284 ⁴9¹·
720 4230 780 4283 pag.
798 4212 846 4264 160
857 4225 926 4263 nost.
938 4210 1074 4263 Editionis.
1087 4211 1133 4261 lin.

185 4284 264 4354 Viger.
287 4306 366 4363 quem
383 4288 472 4344 laudat
496 4293 605 4344 lluetius
627 4291 680 4343 De·
756 4291 795 4361 (7)
806 4291 914 4361 Mythol.
926 4288 971 4341 lib.
985 4291 1020 4355 ll,
1030 4308 1053 4341 c.
1064 4307 1090 4356 9.
