2820 5018
684 434 953 504 EXCURSUS
977 438 1054 503 XV·

637 640 975 731 EXCURSUS
1006 646 1103 733 XV

627 842 678 892 ΑΙ)
696 841 800 892 Lllllll
818 842 845 893 ll
863 843 1057 898 FABULAM
1078 851 1118 900 ll.

380 1023 429 1080 us·
443 1020 475 1092 3,
488 1016 516 1092 4,
530 1015 686 1097 quendam.
699 1015 745 1074 Sic
758 1030 835 1075 recte
846 1015 959 1098 legitur
973 1039 1013 1078 ex
1024 1022 1113 1082 Cod.
1128 1026 1219 1087 Rem.
1228 1030 1362 1110 inqnouu

339 1107 477 1191 quatiant,
493 1102 608 1164 lineola
622 1123 713 1183 supra
727 1101 880 1183 eadjecta.
892 1104 964 1165 vid.
979 1108 1071 1168 Gud.
1086 1112 1158 1172 MS.
1172 1114 1362 1196 Pidnqunhu,

340 1195 443 1275 quod,
459 1193 532 1275 quia
546 1211 650 1250 sensus
665 1191 705 1248 sic
719 1205 793 1248 esset
807 1191 950 1264 mutilus,
966 1194 1137 1274 Rigaltius
1152 1218 1363 1285 proptersmunt
1398 1220 1402 1307 l

341 1284 452 1366 teqebat
468 1284 598 1342 mutavit
615 1281 647 1338 in
664 1279 795 1353 cuidam,
812 1278 868 1340 hoc
882 1302 976 1341 sensu
990 1307 1000 1343 ι
1015 1287 1143 1348 mulier
1158 1312 1224 1353 non
1234 1293 1295 1352 rudis
1305 1307 1362 1373 tcflc·
1399 1332 1402 1379 ;

340 1376 394 1435 bat
405 1373 528 1433 cuidam
540 1369 648 1430 media}
662 1370 758 1428 aetatis
773 1389 878 1429 annos.
891 1370 949 1430 Sed
963 1393 1037 1433 non
1051 1379 1180 1457 probat
1192 1383 1307 1465 Gnatus,
1317 1403 1365 1440 vtr-

340 1464 381 1521 ba
392 1465 484 1521 (etatis
497 1459 598 1518 medice
611 1456 715 1517 referri
729 1457 766 1516 ad
782 1458 914 1532 cuidam3
928 1459 1036 1524 immo
1053 1487 1138 1528 vero
1151 1470 1363 1531 locumloodi·
1398 1464 1401 1471 ¹

341 1574 381 1611 ne
393 1550 460 1608 vult
472 1548 546 1629 legi:
561 1546 665 1607 AEtatis
677 1547 783 1606 mediae
796 1548 907 1608 mulier
919 1570 989 1609 non
1003 1554 1099 1615 rudis
1111 1561 1238 1640 tegebat
1246 1559 1363 1620 annum}

341 1639 423 1698 clam.
443 1640 621 1718 l’erpcram3
639 1655 737 1714 quum
756 1633 866 1694 mulier
885 1657 929 1695 vs.
952 1659 1013 1713 ιο,
1035 1662 1123 1703 anus
1143 1646 1268 1708 dicotur.
1284 1644 1362 1708 &ilfi

342 1727 453 1809 teqelca
464 1727 625 1785 ediderunt
637 1722 811 1797 Nereletus,
823 1725 923 1784 Ursin.
936 1727 1056 1789 Faber.
1068 1768 1116 1778 —
1135 1739 1265 1798 Tenebat.
1277 1739 1306 1796 ln
1314 1735 1362 1795 lul

343 1816 425 1876 Pith,
443 1817 527 1874 Rem.
545 1827 575 1872 et
592 1811 647 1871 Ed.
658 1814 724 1873 Vet.
743 1811 852 1893 legitur
868 1814 1000 1895 tenebat,
1020 1824 1117 1901 quod
1136 1825 1268 1887 defendit
1277 1824 1364 1891 tollat

341 1907 392 1966 sed
405 1919 531 1987 propter
543 1923 671 1984 sequens
681 1900 778 1962 celon
790 1903 861 1962 ferri
873 1924 940 1964 non
955 1923 1077 1987 potest.
1095 1914 1364 1997 Logeudnmtoultr

340 2016 358 2054 e
369 1993 535 2054 certissima
549 1989 684 2049 Praschii
696 1987 883 2068 conjectura,
895 2013 914 2050 a
927 1993 1042 2056 Gudio
1056 2014 1093 2059 et
1106 2005 1282 2065 Burmanno
1291 2001 1364 2086 prol*

342 2095 388 2154 ta,
400 2093 430 2139 ct
441 2077 552 2138 deinde
566 2089 612 2137 tot
624 2078 759 2136 virorum
771 2076 1028 2142 doctissimorum
1042 2087 1213 2172 suffragiis
1223 2090 1365 2152 confimo

342 2171 386 2228 Ex
407 2189 468 2249 quo
491 2166 686 2247 intelligitur,
702 2167 751 2225 vix
769 2187 845 2248 opus
865 2188 929 2228 esse
951 2176 1193 2241 emendatione
1211 2181 1307 2263 Cupen‘
1320 2176 1367 2235 ΟΕ

342 2260 386 2331 11,
400 2278 467 2339 cap.
483 2278 538 2315 20:
553 2257 657 2314 AEtatis
671 2276 710 2313 m.
723 2253 837 2314 cuidam
853 2256 961 2317 ruulier
975 2284 1042 2321 non
1057 2268 1149 2328 rudis
1164 2269 1366 2352 Deyelotott.

343 2359 375 2403 nt
395 2345 495 2426 ‹quere
512 2342 600 2402 alicui
619 2343 671 2416 sit,
691 2344 725 2401 in
743 2342 869 2422 alicujus
886 2344 1104 2430 obsequium3
1125 2356 1166 2417 de
1179 2379 1237 2439 qun
1254 2353 1369 2415 london

342 2433 429 2492 docte
455 2431 591 2511 disputat
617 2433 764 2511 Cuperus.
790 2429 961 2492 Schellerus
987 2441 1129 2518 praefert
1151 2445 1264 2527 tenebat.
1283 2445 1370 2523 Lapa

340 2525 424 2581 enirn
439 2520 633 2579 librariorum
648 2533 713 2578 erat
729 2518 910 2585 facillimusz
923 2536 1025 2605 atque
1037 2533 1142 2593 etiam
1157 2534 1217 2594 haec
1227 2534 1305 2593 lectio
1316 2530 1369 2589 niti·

340 2623 391 2667 tur
409 2609 505 2666 verbis
522 2611 644 2665 Sueton.
660 2606 749 2665 Gall).
772 2606 821 2680 πά,
841 2612 1035 2688 “regebatur
1055 2624 1155 2682 trium
1169 2624 1309 2682 arbitrior
1324 2619 1369 2675 lle

339 2717 407 2776 [gere
421 2697 504 2753 eninr
516 2693 679 2773 quemdam
693 2695 804 2754 mulier
816 2696 941 2771 dicitur,
955 2722 1030 2780 quae
1049 2730 1129 2771 eum
1139 2713 1186 2771 sihi
1202 2711 1282 2768 babet
1295 2708 1370 2766 obse

339 2798 497 2866 queuteni,
512 2797 541 2841 et
555 2781 593 2840 ad
610 2796 721 2842 nutum
735 2806 823 2843 suum
838 2785 1005 2849 facientem
1020 2798 1324 2860 omitia.Scltellemm
1334 2816 1367 2852 se

339 2877 445 2956 quitur
455 2871 657 2945 Johnsonius,
667 2874 738 2952 quia
749 2895 826 2933 anus
835 2876 959 2955 quidem
971 2885 1127 2957 amabat,
1139 2890 1187 2947 sed
1199 2910 1256 2949 non
1267 2884 1364 2945 amaba-

338 2978 390 3023 tur
406 2984 424 3021 a
441 2963 526 3034 viro,
543 2957 627 3037 cujus
644 2962 762 3019 animos
782 2978 900 3042 ceperat
918 2966 1055 3045 pulchra
1070 2973 1204 3052 juvenis.
1220 2976 1271 3035 Sul
1284 2971 1360 3055 quenl

339 3053 534 3109 Burmannus
547 3070 553 3104 ε
566 3048 589 3104 si
602 3066 665 3105 non
679 3048 853 3123 amabatur,
865 3056 1029 3131 quomodo
1044 3081 1149 3142 reqere
1159 3067 1259 3123 virum
1268 3061 1315 3120 dici
1324 3078 1359 3139 {u

338 3152 408 3212 test,
428 3137 513 3217 cujus
530 3133 614 3192 verbi
630 3133 734 3192 eadem
750 3148 796 3194 est
810 3134 943 3197 efficacia
957 3162 1047 3217 vere,
1066 3170 1142 3227 quae
1159 3162 1207 3210 τοῦ
1225 3147 1358 3210 tmelutht

338 3227 427 3286 fuisse
442 3246 527 3306 aque
541 3223 709 3283 obnoxium
722 3225 829 3285 vetulae
844 3248 879 3287 ac
888 3226 996 3307 juveni
1010 3251 1118 3313 patet,
1134 3243 1208 3321 quia
1220 3239 1358 3318 utriqoeca

336 3332 393 3396 put
407 3336 496 3374 suum
511 3311 705 3394 spoliandum
718 3315 857 3394 praebuit.
871 3316 951 3377 Clar.
962 3323 1085 3400 Jacob,
1102 3331 1154 3388 cui
1169 3320 1356 3410 olsequinrcl

335 3408 449 3484 Lanae,
461 3402 578 3481 l‘roleg.
589 3401 626 3460 ad
642 3400 804 3462 Pllaetlrum
820 3426 848 3485 p.
863 3403 916 3481 24,
927 3420 1033 3470 tuetur
1045 3416 1217 3497 vulgatum
1228 3415 1354 3498 teutonum

337 3505 425 3570 leacus
438 3491 517 3549 idem
530 3492 581 3563 sit,
595 3489 676 3570 quod
691 3489 770 3550 latus
783 3508 895 3573 tegere,
908 3501 1071 3578 assectari,
1084 3526 1153 3584 quo
1169 3527 1255 3566 seusu
1264 3504 1353 3582 legitur,

335 3580 415 3660 apull
429 3581 555 3637 Statium
569 3579 637 3638 Silv.
647 3582 683 3653 V,
696 3602 721 3654 1,
735 3581 771 3641 25
785 3603 827 3663 sq.
842 3585 953 3644 Docere
964 3590 1053 3647 enim
1067 3591 1353 3670 fabulamstimssw

333 3669 400 3727 liari
415 3690 431 3726 a
445 3667 580 3739 feminis,
595 3669 656 3725 sive
670 3690 718 3727 eas
733 3687 850 3747 ament,
863 3674 925 3732 sive
938 3694 1090 3740 amentur
1105 3685 1147 3742 ab
1163 3686 1236 3759 illis3
1247 3682 1289 3745 sul
1300 3677 1351 3739 sile

333 3769 424 3839 gatur
438 3753 563 3826 tenebat,
575 3757 676 3814 virum
691 3773 855 3841 utramque
867 3776 896 3820 et
909 3784 1007 3823 anum
1019 3780 1051 3826 et
1066 3771 1235 3850 pulchram
1244 3772 1349 3852 juvenen
1397 3824 1400 3829 ,

332 3844 477 3905 amavisse
489 3842 661 3923 putandum
676 3866 752 3919 esse,
766 3849 848 3929 quod
863 3869 1011 3933 repugnet
1025 3877 1125 3939 scopo
1138 3861 1262 3921 fabula.
1273 3857 1351 3918 Clla·

331 3931 383 3992 cob
393 3931 517 3988 assentit
527 3931 641 3988 Censor
650 3930 756 3993 ductus
766 3936 798 3993 in
809 3937 842 3994 A.
853 3937 887 3995 L.
901 3939 931 3996 Z.
946 3960 1022 4000 ann.
1041 3947 1137 4024 1785,
1150 3947 1196 4023 11,
1209 3972 1236 4031 p.
1248 3948 1350 4014 allusu

330 4037 428 4094 tuens,
436 4040 507 4078 vero
517 4040 578 4078 uoti
590 4041 651 4079 esse
660 4023 766 4096 simile,
775 4027 885 4099 virum,
896 4028 1004 4088 eodem
1016 4044 1177 4116 tempore,
1188 4052 1217 4095 et
1225 4029 1349 4117 puellaju·

329 4112 412 4172 venis
422 4123 449 4168 et
459 4131 536 4170 antis
546 4132 649 4170 amore
660 4112 749 4173 fuisse
759 4130 897 4197 captum3
910 4119 960 4177 sed
971 4120 1063 4183 facile
1074 4127 1214 4185 vetulam
1224 4124 1297 4184 credi
1305 4139 1348 4203 por
1400 4136 1402 4209 j

328 4224 360 4261 se
370 4203 469 4261 virum
480 4220 542 4260 esse
552 4215 716 4260 assecutam
730 4204 978 4288 (rrucltqeqanqeu)
991 4211 1097 4290 sicque
1109 4228 1224 4287 ornent,
1234 4222 1346 4275 ameum
