2820 5018
180 446 234 538 vij
559 449 588 510 J.
611 450 645 511 a.
669 447 837 511 ouran

177 614 278 660 mum
292 588 366 659 Nic.
385 588 435 658 El.
455 588 611 659 Lemaire
626 588 782 686 impulit,
806 609 843 658 ut
860 587 901 658 de
918 586 1060 658 Phaedro
1078 587 1123 658 ad
1140 586 1222 658 reli·

177 730 263 803 quos
282 703 445 776 Classicos
453 703 529 804 jam
545 703 652 777 editos
670 703 895 804 adjungendo
913 703 1081 801 cogitans,
1101 702 1222 773 adme

178 818 400 916 potissimum
415 846 450 890 se
468 840 694 907 converteret;
713 819 845 917 etipse,
863 839 901 889 ut
914 817 1032 887 minus
1048 815 1169 887 timide
1181 841 1222 886 ac

178 928 378 1005 diffidenter
394 959 524 1003 munus
543 932 698 1004 oblatum
717 931 944 1030 susciperem,
963 929 1087 1001 effecit.
1109 928 1224 1000 Erexit
1260 989 1265 1000 .

178 1068 318 1140 qnoque
332 1071 371 1115 ac
384 1044 601 1117 confirmavit
615 1044 719 1134 illud,
738 1045 832 1142 quod
847 1064 895 1115 tot
910 1064 1051 1141 tamque
1065 1042 1222 1140 egregias

178 1160 314 1232 Phaedri
328 1161 513 1253 editiones,
529 1185 561 1235 et
575 1185 671 1254 ante,
690 1183 809 1262 etpost
818 1189 950 1253 meam,
967 1162 1109 1234 adhanc
1127 1161 1224 1240 diem

180 1275 333 1372 vulgatas
351 1276 520 1365 viderem,
534 1304 574 1348 ex
591 1278 719 1376 quibus
734 1277 854 1376 ingens
870 1304 958 1349 novo
973 1275 1096 1347 editori
1110 1275 1225 1346 subsi-

181 1387 281 1461 dium
297 1412 383 1462 esset
397 1415 650 1490 comparatum.

227 1508 344 1606 Atque
361 1508 417 1579 hic
436 1508 597 1580 animum
613 1536 733 1580 meum
751 1509 872 1580 tentari
892 1509 1020 1595 sentio,
1039 1527 1077 1579 ut
1093 1508 1224 1604 (quan-

179 1648 288 1721 quam
305 1624 456 1696 arduum
473 1646 508 1697 et
522 1625 685 1721 difficile)
707 1626 851 1697 efferam
864 1625 961 1725 justa
980 1623 1224 1723 praedicatione

179 1761 327 1809 acumen
352 1738 541 1837 singulare,
568 1739 759 1811 doctrinam
787 1738 1043 1828 abundantem,
1073 1737 1224 1835 diligen-

180 1850 264 1922 tiam
281 1879 474 1941 summam,
491 1881 613 1927 eorum
627 1853 813 1925 hominum
830 1853 965 1942 laudes,
983 1854 1044 1951 qui
1062 1877 1173 1951 quum
1187 1851 1226 1921 in

182 1965 374 2039 Germania
383 1968 589 2066 praesertim,
601 1990 676 2039 tum
688 1969 725 2038 in
735 1967 951 2065 Angliaetia
962 1967 1116 2053 Batavia,
1127 1964 1226 2039 omni

180 2107 306 2180 genere
317 2083 491 2157 litterariae
503 2084 616 2154 laudis
629 2084 780 2153 maxime
794 2083 929 2153 florent.
943 2081 1041 2169 Quid
1053 2080 1169 2149 dicam
1182 2079 1227 2151 de

181 2196 297 2269 litteris
309 2200 441 2297 graecis,
457 2225 544 2296 quas
555 2198 599 2268 ita
610 2198 752 2284 callent,
770 2219 807 2268 ut
818 2197 945 2295 patrias
955 2195 1056 2271 ceteri
1070 2194 1229 2291 linguas?
1263 2288 1265 2292 Α

183 2307 269 2408 quid
286 2311 390 2383 etiarn
406 2310 449 2380 de
464 2309 619 2381 Latinis?
634 2310 796 2398 Quarum
811 2336 893 2382 sane
907 2337 978 2383 non
997 2335 1139 2385 usuram
1153 2329 1228 2380 tan·

93 2413 96 2419 ’
182 2443 259 2495 tum
277 2445 508 2520 perceperunt
522 2423 565 2495 ad
586 2423 850 2521 intelligendum
865 2447 968 2523 atquc
983 2424 1227 2511 scribendum

186 2537 297 2635 ipsam
315 2538 419 2611 etiam
439 2541 653 2612 teneritatem
678 2540 773 2611 illam
795 2562 952 2617 veterum
975 2540 1178 2638 linguarum
1195 2551 1236 2610 et'

184 2648 363 2748 quoddam
372 2653 469 2750 quasi
482 2654 700 2726 lenocinium
712 2654 758 2725 ita
772 2653 937 2743 didicere,
949 2656 996 2725 ita
1010 2654 1227 2752 exprimunt,

184 2762 273 2835 utiis
284 2789 380 2862 aeque
391 2793 430 2836 ac
441 2767 615 2865 indigenae
626 2787 777 2839 utantur.
790 2769 861 2839 Nec
872 2767 978 2865 igitur
988 2767 1131 2856 mirum,
1142 2766 1231 2842 mul-

188 2899 238 2950 tos
253 2902 385 2971 nostra,
405 2883 532 2962 multos
545 2905 702 2982 patrum,
719 2904 822 2982 atque
840 2884 942 2956 ctiam
958 2882 1131 2982 majorum
1149 2907 1229 2954 me-

187 2995 313 3086 moria,
325 2997 471 3071 extitisse
481 3026 542 3097 per
552 3021 692 3099 gentem
702 3000 933 3075 Teutonicum
944 2999 1131 3100 praecipue,
1145 3023 1229 3095 quo·

187 3135 267 3182 rum
299 3111 489 3203 sedulitati,
528 3114 706 3202 doctrinae,
736 3113 854 3186 studiis
881 3113 1012 3187 eximie
1038 3111 1229 3190 debeantur

189 3225 369 3318 editiones,
405 3256 477 3304 non
503 3230 608 3303 modo
636 3231 842 3328 scriptorum
872 3251 1027 3322 veterum
1051 3230 1122 3301 fere
1148 3254 1253 3300 om-‘

188 3343 308 3432 nium,
321 3371 442 3418 verum
455 3346 570 3420 adhuc
582 3347 708 3445 ipsius,
727 3346 852 3444 dequo
867 3370 962 3417 nunc
975 3344 1125 3442 agimus,
1138 3342 1231 3413 Phae
1263 3346 1265 3351 ’

188 3456 355 3533 dri.1utcr
363 3489 449 3560 quos
457 3463 664 3537 fabellarum
674 3463 902 3535 editoresnon
912 3459 1055 3534 difficile
1063 3459 1158 3530 dictu
1167 3477 1229 3547 est,

190 3595 364 3668 quantum
379 3578 600 3652 virsummus
612 3581 764 3653 loannes
779 3576 886 3650 Gottl.
902 3574 1043 3651 Samuel
1055 3576 1231 3647 sonum

191 3685 279 3761 inter
311 3720 431 3765 omnes
462 3695 605 3768 excellat
634 3721 746 3794 quum
779 3693 975 3793 scriptionis
1003 3689 1171 3790 elegantia
1196 3707 1232 3760 et

191 3806 338 3878 candore
350 3810 443 3906 styli,
462 3833 536 3882 tum
552 3813 654 3910 plane
673 3812 803 3910 ingenii
817 3811 978 3882 acumine
996 3829 1098 3905 atque
1115 3805 1231 3877 abun-

192 3918 309 3992 dantia
324 3923 496 3996 doctrinae.
523 3928 615 4000 Hinc
637 3928 741 4000 simol
759 3954 798 4000 ac
814 3953 908 3999 uovae
922 3924 1082 3998 editionis
1096 3918 1232 3991 Phaedri

191 4037 398 4109 adornandae
417 4064 537 4113 natum
555 4066 602 4115 cst
619 4045 712 4142 apud
732 4073 787 4116 me
802 4042 1003 4132 consilium,
1020 4036 1106 4110 nihil
1124 4035 1234 4109 habui

192 4153 384 4253 antiquius,
405 4185 510 4253 qnam
533 4178 569 4227 ut
585 4158 618 4230 in
639 4180 788 4231 nostram
808 4159 998 4232 editionem
1013 4152 1233 4226 transferrem
