2820 5018
455 453 520 513 Al)
543 450 633 512 ΗΒ.
659 449 673 510 l
698 451 792 512 FAB.
816 451 925 514 Xlll.
1153 455 1215 519 513

175 608 249 654 tur:
266 596 317 674 qui
332 615 360 651 se
378 591 493 652 laudari
510 591 637 673 qaudam
655 589 745 649 uerbis
760 589 899 665 subdolis,
916 591 978 669 vel,
994 598 1044 676 qui
1058 618 1088 655 se
1104 597 1220 661 laudari

175 681 265 742 verbis
282 679 408 741 subdolis
425 678 562 762 panderit.
583 678 628 736 De
645 676 705 736 hoe
724 677 792 737 loco
807 698 835 735 v.
852 700 975 760 quoque
990 682 1018 740 J.
1034 685 1067 741 F.
1085 685 1221 748 Gruneri

176 769 301 828 Observ.
315 769 347 827 in
362 766 537 826 Phaedrum.
550 766 612 824 len.
631 762 713 847 1545.

216 855 261 914 Ad
274 877 317 913 ss.
329 877 358 935 9.
369 855 512 914 Heinsius
521 864 610 912 notat
620 851 658 910 ad
670 851 701 910 h.
712 872 741 907 v.
754 875 768 906 ιι
778 851 858 911 MSS.
869 851 984 914 habent
996 854 1124 918 latiorem
1136 859 1204 921 dum
1211 910 1221 937 ,

177 956 207 1001 et
223 941 291 1001 dum
313 946 408 1002 etiam.
426 945 505 1022 Lege
519 943 631 1021 igitur:
645 940 687 997 At
701 937 768 1013 illa,
786 937 890 1014 iatum,
906 940 975 1001 dum
988 942 1048 1003 malt
1064 968 1158 1007 vocem
1177 953 1224 1009 in-

179 1029 304 1103 tendere,
317 1031 424 1089 Emisit
435 1049 482 1087 ore
493 1048 617 1086 caseum.
631 1028 736 1084 Latum
748 1047 877 1101 eoseum,
895 1029 915 1088 i.
928 1049 953 1087 e.
968 1031 1022 1110 qui
1037 1030 1166 1093 fertur.»
1187 1038 1226 1095 At

180 1118 350 1177 Bentleius:
367 1141 381 1170 ιι
391 1117 494 1177 Codex
506 1114 582 1174 alter
596 1117 636 1174 sic
653 1114 755 1173 locum
771 1113 890 1175 exhibet
902 1141 908 1176 ε
922 1120 963 1176 At
976 1115 1038 1193 ilie,
1056 1119 1126 1179 dum
1140 1126 1227 1183 etiam

180 1204 242 1266 uult
260 1227 354 1265 uocem
369 1204 512 1264 ostendere
526 1201 670 1276 latiorem,
691 1205 799 1261 Emisit
816 1225 864 1263 ore
879 1225 1002 1265 caseum.
1013 1230 1028 1261 r
1051 1209 1106 1267 Sed
1125 1212 1226 1273 nescio

181 1297 214 1356 in
226 1296 337 1377 quibus
351 1295 436 1354 libris
447 1294 503 1352 viri
515 1292 597 1351 docti
609 1293 679 1351 istas
690 1291 834 1351 lectiones
846 1294 1028 1354 invenerint.
1043 1298 1182 1380 Namque
1195 1303 1229 1362 in

181 1386 263 1445 MSS.
280 1382 358 1442 Pith.
376 1386 460 1442 llem.
477 1395 505 1440 et
521 1394 592 1440 vett.
608 1382 699 1439 Editt.
715 1396 775 1439 est:
790 1394 819 1439 at
832 1380 880 1440 iile
895 1382 997 1442 stultus
1014 1384 1083 1444 dum
1101 1389 1163 1450 vult
1179 1412 1229 1450 υο-

182 1496 260 1548 cem,
279 1487 331 1533 ete.
352 1486 425 1532 teste
445 1472 607 1531 Brotierio.
626 1471 730 1550 Neque
746 1471 838 1529 etiam
858 1471 939 1530 Gud.
961 1484 990 1530 et
1010 1474 1159 1554 lligaltius
1180 1501 1230 1540 eas

182 1565 263 1623 inter
288 1563 431 1622 lectiones
452 1561 525 1621 Cod.
547 1557 684 1618 Danielis
707 1573 888 1619 memorant.
914 1561 1028 1620 Contra
1050 1567 1230 1650 Anonymus

184 1653 311 1713 Nilantii
327 1651 419 1710 habet
435 1675 442 1711 ε
458 1649 506 1710 ille
524 1649 593 1708 dam
613 1648 675 1708 vuit
695 1647 839 1707 ostendere
858 1671 954 1709 vocem
979 1648 1107 1712 latiorem
1126 1658 1231 1739 (quod

184 1744 381 1803 Burmannus
394 1762 428 1800 ex
445 1739 589 1811 altiorem,
604 1737 730 1797 Bentlei.
745 1759 780 1797 ex
794 1736 939 1798 elatiorem
954 1739 1154 1821 depravatum
1170 1768 1232 1806 cre-

184 1830 282 1907 dunt)
298 1831 391 1887 emisit
407 1849 531 1887 caseum.
546 1825 634 1884 Unde
647 1824 715 1885 dum
731 1828 817 1884 etiam
833 1826 885 1899 sit,
900 1827 1013 1900 neseio,
1028 1830 1111 1909 quod
1127 1844 1231 1895 tamen

184 1914 497 1999 receperuntBentlei.
509 1910 717 1993 (luningham.
732 1913 886 1972 Sanadon.
900 1913 1033 1997 Philipp.
1048 1918 1232 1984 Lallemant.

186 2007 246 2068 hoc
262 2005 354 2067 modo
370 2030 376 2065 :
396 2006 437 2064 At
452 2002 499 2063 itte
517 2002 587 2062 dum
603 2001 662 2062 vult
681 2005 769 2062 etiam
784 2025 879 2063 uocem
896 2004 1057 2079 ostendam
1070 2009 1130 2068 nisi
1148 2013 1232 2092 quod

185 2094 310 2155 Bentlei.
327 2092 470 2153 ediderit:
486 2094 527 2151 At
543 2088 591 2149 ille
606 2089 676 2148 dum
691 2092 779 2149 etiam
794 2112 891 2151 vocem
911 2089 969 2150 mdt
984 2094 1137 2156 ostendere.
1156 2100 1230 2159 Fru-

185 2197 262 2255 stra3
273 2183 350 2241 tueri
366 2182 449 2241 enim
465 2194 562 2261 potest
573 2175 673 2238 stultus
687 2177 791 2236 locum
802 2200 908 2254 suum,
923 2179 1071 2261 probante
1085 2185 1235 2249 Burman·

185 2291 238 2329 no.
255 2271 325 2328 Mox
343 2268 426 2326 enim
443 2264 606 2347 respondet
623 2272 658 2342 τῷ
672 2267 748 2323 corui
760 2277 871 2346 stupam
887 2282 916 2326 et
931 2265 1077 2329 Phaedrus
1094 2273 1233 2337 similiter

186 2357 325 2439 loquitur
339 2356 391 2415 lib.
410 2357 437 2430 l,
455 2355 517 2415 fab.
530 2355 596 2428 XV,
609 2375 641 2435 7,
659 2367 691 2413 at
702 2351 748 2412 ille.
758 2376 864 2415 sensus.
880 2356 984 2432 Quum
997 2359 1089 2419 etiam
1103 2363 1135 2419 in
1148 2362 1234 2425 libris

187 2448 305 2529 scriptis
322 2447 496 2504 inveniatur
510 2442 574 2503 haee
588 2463 661 2517 vox,
676 2441 753 2501 mihi
766 2442 891 2524 quidem
906 2465 970 2504 non
986 2460 1098 2507 temere
1111 2449 1235 2532 ejicien-

186 2533 226 2593 da
242 2535 372 2594 videtur.
385 2535 489 2613 Neque
503 2552 579 2613 opus
590 2544 633 2590 est
650 2530 863 2591 emendatione
878 2533 1009 2608 Heinsii,
1026 2557 1122 2596 vocem
1140 2542 1234 2602 inteu-

186 2625 267 2697 dere3
279 2646 367 2697 nam,
380 2644 414 2683 ex
428 2636 528 2682 mente
540 2622 669 2682 Bentleii
682 2634 773 2702 atque
787 2624 972 2699 Burmanni,
986 2645 1051 2685 non
1064 2647 1172 2689 corvus
1184 2652 1237 2691 vo·

187 2715 278 2773 luisse
296 2713 399 2773 tollere
417 2715 489 2772 totis
506 2711 620 2770 viribus
638 2732 743 2770 vocem
763 2711 917 2792 putandus
933 2725 984 2773 est
1003 2713 1192 2794 Sufficiebat,
1210 2722 1235 2780 si

187 2803 281 2863 modo
296 2803 423 2883 aperiret
437 2823 483 2873 0⁵3
500 2801 554 2860 etsi
569 2799 651 2859 dieat
663 2802 803 2861 Graecus:
819 2807 914 2881 papilla
928 2803 1044 2884 ἔκραγεν,
1060 2804 1161 2866 Multo
1178 2810 1236 2867 mi·

187 2911 247 2950 nus
263 2888 418 2948 Gebhardi
433 2910 498 2947 vore
513 2909 544 2948 os
559 2887 671 2946 tendere
686 2888 806 2968 plaeere
819 2902 924 2970 potest.
936 2888 1006 2948 Vid.
1020 2890 1062 2971 uj.
1079 2894 1233 2973 Crepund.

188 2979 241 3038 lib.
257 2978 315 3051 lll,
330 3000 396 3059 cap.
415 2998 458 3036 ιο.

230 3067 275 3127 ad
290 3089 365 3127 vers.
384 3069 432 3141 13,
451 3063 493 3140 rt.
508 3068 543 3125 ln
557 3065 652 3125 Codd.
664 3065 744 3124 Pith.
758 3079 787 3124 et
798 3068 883 3125 llem.
898 3066 1042 3147 seriptum
1056 3082 1117 3128 est:
1129 3072 1195 3131 lIae
1206 3095 1236 3132 m

187 3156 334 3241 probatur,
347 3167 487 3237 quesitum
501 3157 648 3235 inpertiam
664 3152 756 3213 ualet:
771 3156 803 3213 in
818 3152 894 3212 Cod.
910 3174 982 3213 vero
998 3154 1149 3216 Pithoean.
1166 3164 1195 3220 τὸ
1209 3174 1237 3221 et

188 3269 265 3310 vers.
283 3243 331 3321 ili,
349 3245 446 3318 abest,
463 3245 505 3301 ita
522 3261 557 3302 ut
569 3243 704 3323 legatur:
718 3244 829 3303 Virtute
844 3264 955 3322 semper
967 3247 1104 3324 proemlet
1121 3251 1235 3327 sapien-

189 3342 239 3398 tia.
255 3339 318 3397 Hos
334 3335 412 3394 duos
427 3354 529 3392 versus
545 3331 690 3391 delendos
706 3345 735 3391 et
751 3333 868 3412 spurios
883 3334 1000 3390 notavit
1011 3333 1049 3391 ad
1062 3339 1236 3416 marginem

191 3426 347 3498 Heinsius,
359 3422 432 3503 quia
447 3418 608 3495 Phaedrus,
620 3441 681 3500 quo
693 3418 806 3478 fabulae
818 3419 1006 3500 pertineant,
1019 3441 1098 3502 saepe
1108 3440 1178 3485 ante
1190 3429 1236 3511 ip·

190 3538 255 3578 sam
267 3514 491 3584 narrationem,
504 3531 574 3570 raro
587 3524 654 3591 post
667 3524 821 3568 narratam
835 3508 938 3589 prodit
947 3508 1100 3587 fabulam,
1112 3535 1177 3575 non
1190 3540 1238 3579 ve-

190 3627 225 3665 ro
239 3619 368 3684 utroque
381 3601 473 3661 simul
488 3600 562 3660 loeo.
576 3600 693 3660 Heinsii
708 3597 964 3679 sententiamjam
976 3599 1050 3659 olim
1062 3603 1238 3684 probabant

190 3695 342 3754 Rentleius
358 3706 386 3753 et
400 3693 528 3763 Harius,
542 3711 620 3771 quos
633 3689 744 3749 deinde
758 3689 810 3748 alii
825 3691 916 3748 secuti
932 3703 1017 3765 sunt,
1032 3707 1066 3750 ut
1080 3692 1234 3758 Sanadon.

190 3794 221 3841 et
232 3778 406 3862 Philippus,
416 3782 469 3860 qui
482 3779 548 3838 illos
560 3799 662 3837 versus
674 3790 897 3859 expunxerun13
910 3775 1100 3857 llolrlins(1),
1113 3778 1235 3860 ejiciens

191 3889 254 3929 non
268 3868 367 3926 solum
383 3890 425 3928 vs.
447 3869 494 3941 13,
515 3867 565 3942 14,
587 3865 742 3928 sedetiam
757 3865 1048 3947 antepenultimum,
1065 3867 1152 3928 nullo
1169 3892 1234 3952 pro-

189 3956 270 4015 fecto
284 3952 366 4034 jure3
380 3956 600 4036 lleusingerus,
614 3958 667 4037 qui
680 3978 721 4015 vs.
741 3955 789 4031 13,
807 3951 853 4027 14,
867 3954 952 4012 uneis
967 3952 1102 4028 inclusit3
1117 3958 1234 4016 Lessin-

226 4149 265 4220 (ι)
279 4149 424 4202 Commeat.
439 4154 495 4204 erit.
509 4151 649 4203 l‘entadec.
664 4154 690 4217 l,
731 4171 759 4203 re
773 4161 884 4202 conatur
896 4147 958 4200 clar.
972 4147 1105 4201 Schirach.
1120 4150 1147 4200 in
1158 4148 1235 4209 Cloe,

189 4231 254 4283 Loc.
266 4229 315 4299 49,
325 4249 353 4302 p.
368 4229 425 4284 116.
437 4229 561 4285 Kohlium
573 4231 692 4284 confuta·
731 4231 759 4279 P.
770 4231 796 4296 l,
805 4248 832 4301 p.
844 4244 903 4301 291.
1009 4312 1043 4365 33

262 4332 284 4369 l·
