2820 5018
186 482 248 542 270
556 450 617 511 or:
642 445 861 510 cerauno

185 610 257 657 runt
269 597 302 654 in
313 589 502 651 sermonibus
514 588 588 657 suis,
604 601 639 642 ut
655 586 787 643 Socrates
799 598 827 642 et
839 583 999 657 Horatium
1015 584 1065 647 vel
1078 586 1159 648 adeo
1171 609 1228 649 rer·

184 687 265 747 sibus
276 690 498 763 expresserunt,
511 688 544 733 ut
558 674 685 732 llabrius
696 689 725 732 et
736 672 902 752 Phaedrus)
916 673 951 735 de
962 673 1022 749 iris,
1038 678 1184 759 iuquam,
1194 680 1230 739 ed

184 770 380 854 quaquiutu
397 776 422 821 et
441 762 513 820 dues
532 764 563 819 in
581 783 673 820 unum
692 761 842 839 (librum)
861 761 992 822 reduetus
1002 763 1134 846 subulas
1149 766 1225 825 edidi.

183 865 229 922 Ex
239 877 302 939 quo
315 851 485 913 luculenter
497 865 636 932 apparet,
653 849 822 911 Christium
838 848 921 911 huuc
934 850 1040 912 locum
1055 854 1140 915 male
1150 855 1226 916 iutel-

183 950 295 1010 lexisse.
306 943 386 1002 llicit
397 941 495 1016 enim,
505 960 570 998 non
585 941 709 1021 probat,
719 941 847 1000 verbum
859 940 1009 1017 resoluere,
1021 946 1111 1023 quod
1122 948 1227 1005 mirum

181 1042 214 1099 in
234 1032 363 1094 modum
384 1029 554 1107 detorquet,
574 1028 759 1108 significare,
779 1031 880 1111 AEsopi
899 1029 987 1091 dictis
1005 1032 1149 1094 uberiora
1165 1035 1226 1093 seri·

184 1128 269 1197 bere,
286 1141 352 1191 seu,
367 1117 487 1176 fabulas
502 1138 567 1175 non
585 1118 696 1176 resultas
713 1119 813 1199 AEsopi
830 1122 862 1176 in
881 1119 979 1179 multa
998 1121 1098 1181 verba
1111 1122 1226 1183 resolve

183 1214 273 1291 re(1).
297 1212 410 1268 Contra
434 1207 643 1286 interpretatio
666 1221 771 1266 nostra
792 1205 934 1267 firmatur
955 1210 1024 1269 loeo
1048 1211 1225 1290 Seueoae(a]‚

183 1302 253 1382 qui:
270 1296 393 1379 aqedum
408 1291 473 1366 illa,
489 1294 604 1373 inquit,
616 1315 680 1372 quie
694 1293 785 1354 multo
800 1297 909 1376 inqenii
923 1297 965 1354 tui
981 1294 1083 1357 latore
1092 1297 1225 1358 rethma

183 1403 263 1461 sunt,
280 1392 311 1447 in
324 1406 429 1445 manus
440 1404 520 1442 stirne
532 1381 691 1444 utriuslibet
703 1388 830 1444 auctoris
843 1388 993 1444 eurrnina:
1010 1406 1080 1466 quoe
1094 1401 1125 1447 tu
1136 1389 1176 1447 itu
1185 1408 1224 1446 ut·

182 1477 311 1548 solvisti,
332 1489 363 1534 at
379 1475 510 1553 qiranrvis
527 1485 668 1532 structum
688 1471 805 1533 illorum
824 1476 979 1547 recesserit,
997 1487 1170 1554 perineneut
1187 1486 1224 1534 te·

183 1587 250 1625 nien
263 1567 368 1644 qratia.
381 1564 432 1622 Sic
444 1563 521 1620 erriru
534 1557 588 1618 ille
598 1582 634 1619 ex
645 1559 706 1619 aliu
721 1558 824 1642 linque
837 1564 869 1620 in
881 1559 973 1620 eliam
986 1561 1172 1635 transtulisti,
1183 1576 1221 1635 et,

182 1654 261 1736 quod
277 1649 483 1735 dffcilttmma
497 1662 572 1722 erat,
591 1670 691 1709 omnes
704 1652 820 1709 uirtutes
836 1653 867 1708 in
884 1647 1013 1708 alienum
1030 1662 1060 1709 te
1074 1652 1222 1710 omum

182 1757 285 1805 secute
299 1745 365 1801 sint.
383 1742 445 1817 Qui
461 1739 545 1797 loeus
562 1739 728 1798 manifesto
742 1739 864 1820 probat,
881 1739 1012 1798 verbum
1023 1737 1224 1799 metuentia

181 1832 220 1891 de
238 1831 288 1903 iis,
305 1828 359 1909 qui
376 1829 513 1887 carmina
528 1846 564 1885 ex
580 1826 640 1885 alia
655 1829 687 1885 in
703 1828 797 1886 aliam
815 1828 957 1908 linguam
973 1826 1180 1900 transferunt,
1195 1840 1224 1885 ut

180 1918 241 1979 hoc
257 1917 326 1977 loco
343 1916 487 1997 Polybius
506 1914 635 1973 aliorum
655 1918 793 1995 earmina
806 1915 946 1975 resolvisse
959 1915 1092 1989 dieitur,
1107 1915 1182 1975 dum
1194 1934 1224 1972 et

182 2019 324 2081 verteret,
336 2009 378 2066 ita
393 2021 428 2065 ut
444 2018 596 2064 structura
613 2004 738 2084 quidem
750 2005 876 2067 illorum
889 2005 1055 2080 recederet,
1073 2024 1232 2087 permane·

183 2114 228 2157 ret
245 2113 348 2156 tamen
368 2096 480 2176 gratia,
496 2109 524 2152 et
539 2114 646 2153 omnes
663 2098 835 2154 carminum
853 2099 979 2156 virtutes
995 2097 1030 2155 in
1047 2096 1150 2156 aliena
1165 2112 1223 2154 ora·

180 2191 262 2246 tione
273 2200 372 2244 essent
386 2187 563 2265 conspicuae.
581 2186 676 2243 Simili
690 2186 780 2244 modo
793 2184 939 2246 Phaedrus
951 2187 990 2245 ab
1003 2187 1139 2260 Avieno,
1152 2186 1223 2246 Grae·

181 2300 230 2337 cas
242 2277 341 2357 AEsopi
357 2275 478 2333 fabulas
491 2277 599 2333 Latine
609 2278 743 2350 vertisse,
755 2279 858 2359 sicque
871 2292 990 2360 partem
1003 2280 1136 2336 istarum
1147 2276 1223 2336 libris

180 2365 317 2445 quinque
329 2364 361 2421 in
375 2361 491 2420 iambos
504 2363 657 2422 resolvisse
669 2377 746 2422 recte
758 2364 878 2425 dieitur.
891 2366 934 2424 Ex
945 2387 1007 2447 quo
1021 2378 1119 2448 patet,
1132 2361 1223 2425 Chris·

180 2452 223 2509 tio
236 2470 301 2508 non
318 2448 555 2508 adsentiendum
569 2470 648 2522 esse,
664 2452 793 2511 verbum
804 2451 940 2512 resolvere
955 2454 987 2511 in
1004 2450 1129 2511 fabulas
1145 2448 1222 2511 Phe·

181 2537 229 2597 dri
246 2539 409 2596 convenire
427 2539 550 2617 neganti
562 2539 612 2617 (3)
631 2541 778 2601 Praeterea
795 2540 943 2601 Christius
963 2541 1060 2601 verba
1074 2542 1111 2600 de
1126 2540 1180 2613 liis,
1194 2542 1222 2599 iu

181 2627 246 2684 loco
263 2624 385 2693 Aviani,
399 2647 560 2706 perperam
578 2626 669 2685 refert
682 2631 795 2709 partim
809 2631 847 2687 ad
863 2627 1045 2701 Phaedrum‚
1064 2649 1157 2709 quem
1170 2625 1221 2687 fin·

180 2784 244 2835 atius
254 2781 383 2833 statuebat
395 2782 510 2850 (Prolus.
522 2804 547 2854 p.
563 2783 612 2852 Sl)
622 2786 684 2854 Epi·
725 2798 888 2858 voryetroqen
899 2786 1046 2858 (resolvit).
1060 2789 1160 2839 Mitute
1168 2786 1221 2838 abe

180 2863 272 2916 stolam
290 2865 383 2913 Aviani
402 2863 514 2914 hiulcam
530 2883 585 2915 esse
606 2879 683 2934 atque
724 2868 794 2919 nieht
820 2869 890 2919 ‹lann
913 2870 960 2919 das
989 2880 1219 2939 entgegensseseute

180 2961 341 3016 suspectam,
364 2959 389 2997 et
411 2947 437 2995 in
459 2965 489 2996 en
512 2944 608 3014 aliquid
628 2965 682 2996 esse
724 2949 853 3016 anzeigen,
863 2945 1219 2998 llabriuslrabediesel'abelu

179 3027 309 3076 omissum.
319 3024 369 3075 Sed
376 3024 472 3094 probat
479 3024 681 3091 Canncgieterus
722 3028 761 3077 ins
769 3026 844 3077 lune
852 3046 978 3096 grangen,
987 3025 1100 3078 welches
1110 3027 1218 3079 sableuli-

179 3107 204 3154 in
220 3107 281 3156 Not.
295 3124 320 3175 p.
334 3105 349 3155 3
365 3103 428 3155 nihil
440 3104 542 3161 deesse,
559 3116 584 3154 et
595 3105 681 3154 omnia
721 3105 835 3174 terdings
864 3106 1007 3175 ungereimt
1032 3112 1115 3168 ware,
1141 3105 1173 3156 da
1196 3123 1218 3155 es

178 3186 245 3237 bene
257 3186 362 3238 habere.
383 3187 513 3236 Lacunam
529 3197 555 3235 et
570 3184 681 3236 Nevele-
721 3187 799 3239 heisst
812 3210 817 3236 ε
832 3187 923 3238 induo
939 3186 1077 3239 volumine
1093 3188 1216 3239 coartant

178 3280 219 3317 tus
232 3266 382 3331 simulabat,
397 3267 441 3319 sed
455 3270 557 3318 frustra
723 3268 962 3339 BeydeZeitwiirter
976 3273 1082 3319 miisseu
1095 3266 1163 3332 also,
1173 3265 1217 3317 den

213 3344 374 3412 (illiadem,
388 3366 440 3416 quo
452 3347 592 3409 Christius,
604 3365 680 3397 sensu
720 3350 843 3401 Gesctzen
854 3348 901 3400 der
911 3348 1047 3400 Antithese
1055 3349 1168 3419 zufolff,
1179 3346 1219 3398 auf

177 3423 284 3474 verbum
300 3424 422 3475 resolvere
437 3427 506 3495 capit
523 3423 680 3476 lllarcltesel-
720 3427 831 3498 einerley
842 3428 888 3478 Art
897 3447 948 3477 von
955 3427 1014 3479 dem
1023 3425 1215 3480 Raumeerllin

177 3500 231 3563 lus,
246 3501 367 3552 seductus
380 3505 546 3571 oppositione
555 3504 597 3552 rei
608 3522 678 3554 cour·
718 3508 888 3573 werden,deu
895 3507 1040 3560 dieFabeln
1046 3506 1214 3582 heyderlb'eb

177 3581 255 3645 tavit,
272 3579 343 3649 quod
355 3580 484 3649 precedit.
718 3599 757 3638 ter
766 3586 935 3638 eiunahmeu:
948 3586 1058 3639 llabrius
1067 3585 1214 3658 dc'a'ngtedie

212 3659 365 3729 (alssonsol.
380 3659 413 3709 ad
424 3659 646 3731 Polybttxxt.
718 3665 912 3735 Erdiclrtungeu
934 3665 980 3716 des
1002 3667 1084 3737 AEsop
1107 3669 1134 3717 iu
1157 3683 1214 3734 πο]

210 3738 249 3809 (3)
261 3738 319 3788 Alio
332 3737 410 3788 modo
425 3738 455 3787 el.
467 3738 562 3789 tal-obs
572 3739 677 3790 verbum
719 3744 972 3796 lliieherzusammen
983 3743 1215 3798 :Phaedrusdehute

175 3819 299 3871 resolvere
321 3821 505 3888 interpretatus
529 3832 575 3870 est.
605 3823 679 3872 «Der
719 3825 754 3875 sie
769 3825 796 3873 in
813 3824 874 3874 fimf
887 3822 989 3874 Biicher
1002 3842 1081 3875 aus.·
1099 3824 1158 3876 vid.
1171 3823 1216 3874 la·

176 3899 312 3954 ausdruck
324 3900 374 3972 bey
388 3899 448 3950 dem
459 3901 588 3965 avianus,
602 3901 678 3952 Phe-
719 3901 840 3955 teiniselte
851 3901 999 3954 Fabulisten
1011 3901 1028 3953 l.
1043 3922 1067 3954 c.
1079 3923 1106 3974 p.
1121 3903 1157 3955 36
1167 3919 1214 3972 set}

175 3983 319 4035 drusetiom
329 3994 430 4054 partem
440 3981 556 4054 aliquam
564 3983 679 4056 quinque
719 3981 766 4031 Vel
780 4000 811 4032 ex
822 3981 873 4033 hac
887 3983 1118 4053 interpretatione,
1131 3984 1152 4034 si
1166 3982 1217 4054 quit

176 4062 678 4128 ialibcllosresoleit‚sollnaehChrist’s
718 4073 811 4113 nostrae
841 4060 902 4111 velit
931 4061 1066 4132 preferre,
1098 4062 1218 4123 efficitur,

175 4143 309 4215 Meynung
320 4141 463 4207 bedenten,
479 4143 601 4196 Ptoedne
609 4143 676 4196 habe
717 4140 856 4192 Christiruu
871 4141 898 4189 iu
914 4138 1070 4210 explicando
1087 4140 1168 4192 verbo
1184 4159 1218 4192 rt·

175 4217 218 4271 die
231 4219 329 4273 Fabelu
340 4220 387 4272 des
396 4221 476 4291 AEsop
486 4221 679 4292 arufiilrlielrer
712 4219 811 4274 selene
821 4219 988 4273 vehementer
999 4221 1133 4274 erravisse.
