2820 5018
181 419 222 485 32
553 417 618 480 DE
641 416 844 480 PHAEDRI

179 576 216 623 ut
226 561 289 621 duo
296 554 513 620 tantummodo
525 557 643 617 codices
653 559 687 616 in
696 557 798 617 Gellia
807 559 885 619 oiim
896 561 1118 642 reperirentur:
1129 582 1226 645 qum

178 648 269 711 feciie
280 646 347 706 fieri
359 656 493 726 poterat,
508 659 542 704 ut
553 645 591 704 de
607 645 675 720 lite,
685 642 854 706 Christium
868 648 948 706 inter
958 660 988 707 et
998 648 1173 711 Funccium
1191 651 1226 711 iu

69 732 72 739 ⁴
180 736 347 800 Germania
358 748 475 807 exorte,
489 735 546 792 viri
558 734 655 808 docti,
668 735 701 793 in
714 755 846 816 quorum
860 736 1003 797 menibus
1014 736 1090 797 dicti
1104 739 1225 801 codices

180 826 275 888 hocce
290 841 426 907 tempore
445 836 552 897 essent,
567 844 632 885 non
644 821 752 882 fierent
764 823 923 885 certiores?
935 825 993 885 Cui
1005 825 1135 908 quidem
1152 848 1224 889 con-

177 912 303 997 jecturoe
319 924 478 981 eventum,
497 924 532 968 ut
546 910 703 991 sequentia
716 909 872 970 docebunt
884 911 966 989 (vide
982 933 1057 973 mox
1069 914 1108 974 de
1119 912 1223 975 codice

180 1000 322 1080 Pitheci),
341 997 548 1079 respondisse,
570 1016 655 1056 nunc
676 997 808 1056 maxime
825 997 922 1058 laetor.
942 1000 982 1059 Ut
1001 1011 1140 1075 teoeam,
1157 1020 1222 1061 non

180 1091 246 1151 sine
258 1109 372 1170 magna
384 1086 517 1146 veritatis
535 1086 634 1167 specie
647 1083 798 1144 affirmari
816 1107 916 1167 posse,
936 1086 1092 1164 initalia,
1110 1090 1136 1149 si
1158 1108 1221 1149 uon

181 1177 312 1251 multos,
327 1190 405 1235 certe
416 1172 568 1253 quosdam
582 1171 703 1232 Phaedri
715 1173 834 1234 codices
845 1174 938 1236 lutere
952 1176 986 1235 iu
999 1178 1145 1237 tenebris.
1156 1176 1220 1237 lite·

182 1267 248 1327 nim
263 1263 408 1325 credibile
421 1275 474 1336 est,
487 1277 521 1321 ut
533 1261 639 1343 paullo
651 1276 720 1344 post
732 1262 921 1339 videbimus,
933 1266 1110 1340 Perottum‚
1123 1266 1219 1348 ponti·

182 1352 270 1413 ficem
282 1353 495 1434 Sipontinum,
506 1371 523 1409 e
533 1366 652 1409 vetusto
665 1348 786 1410 Phaedri
796 1350 900 1413 codice
909 1351 1088 1413 fabularum
1098 1372 1218 1413 suarum

183 1441 294 1502 multas
312 1439 533 1521 conscripsisse.
553 1439 630 1515 Quae
651 1440 745 1519 igitur
762 1438 937 1520 conjectum
954 1438 1013 1500 hac
1030 1454 1138 1501 nostra
1151 1458 1217 1501 vert

181 1532 279 1614 possit
286 1551 348 1589 csse
357 1529 498 1602 similior,
511 1529 543 1587 in
554 1528 702 1589 italorum
714 1527 908 1589 bibliothecis
915 1529 1013 1590 aliurn
1024 1545 1117 1612 atque
1128 1529 1216 1589 elium

184 1616 306 1677 Phaedri
327 1615 464 1676 codicem
487 1614 614 1675 fortasse
636 1615 729 1675 hodie
750 1630 883 1692 exstare,
909 1631 1001 1698 etque
1025 1637 1094 1677 non
1116 1636 1216 1677 omnes

184 1705 279 1766 libros
290 1726 386 1765 uranu
398 1705 526 1787 scriptos
538 1702 702 1764 interiisse?

222 1796 364 1877 Sequitur
378 1814 462 1853 nunc
474 1792 617 1853 codicum
624 1786 790 1868 Eleuclrus,
803 1793 841 1853 ad
854 1814 932 1874 quos
944 1792 1112 1854 Phaedrum
1123 1791 1215 1853 adhue

184 1885 367 1945 recensitum
377 1903 440 1943 esse
448 1895 585 1941 constat:
599 1884 712 1963 quibus
725 1881 858 1942 addendi
869 1883 1056 1943 videbantur
1066 1882 1164 1942 codex
1173 1882 1214 1941 Pe

184 1975 257 2036 roiti
271 1989 301 2033 et
311 1974 414 2033 Codex
425 1974 650 2055 manuscriptus
660 1972 872 2046 Divionensis‚
883 1964 1004 2032 fabulas
1015 1971 1144 2032 Romuli
1155 1990 1214 2053 pro

184 2064 279 2123 saicas
290 2062 462 2121 continens.
479 2061 521 2119 dc
533 2060 635 2141 primo
650 2058 775 2141 quidem
788 2058 857 2119 loco
872 2058 1086 2119 nominandus
1097 2070 1145 2118 ert
1158 2080 1165 2114 z

499 2222 524 2262 1.
545 2202 698 2261 CODEX
719 2202 909 2263 PITHOEI.

225 2339 477 2399 Membranaceus
506 2356 609 2395 mcccc
632 2337 750 2396 circiter
777 2358 946 2414 annorum,
978 2351 1015 2397 ut
1038 2336 1085 2397 Cl.
1118 2338 1213 2395 Brutia

188 2427 310 2486 videtur
325 2428 382 2504 (1);
402 2423 470 2499 sed,
487 2421 645 2504 judicante
665 2424 787 2500 Gudio,
809 2428 890 2485 intra
912 2426 939 2483 V
959 2439 990 2485 et
1012 2426 1039 2485 X
1062 2444 1081 2482 a
1102 2420 1212 2483 christ«

187 2529 260 2573 nato
282 2511 429 2572 saeculum
448 2513 587 2593 scriptus.
607 2514 753 2594 Repertus
777 2525 822 2572 est
839 2512 999 2593 quondam
1021 2533 1041 2570 a
1063 2510 1212 2570 Freucisct

186 2599 322 2675 Pithoeu,
335 2620 426 2681 aquo
439 2601 555 2682 accepit
567 2601 672 2660 Petrus
688 2598 825 2661 Pithoeus
838 2600 945 2676 frater,
958 2602 1090 2683 primus,
1103 2610 1140 2659 ut
1151 2616 1212 2657 corr·

187 2704 258 2763 stat,
273 2687 396 2748 Phaedri
408 2688 506 2749 editor
519 2691 568 2769 (2).
586 2693 663 2750 Sunt
674 2691 728 2773 qui
741 2688 826 2750 hunc
837 2691 974 2751 codicem
986 2712 1005 2749 a
1016 2692 1080 2749 Jac.
1090 2688 1212 2749 Sirmon

186 2777 242 2851 do,
259 2778 409 2837 societatis
423 2779 511 2853 Jesu,
533 2779 567 2837 in
582 2776 783 2860 Lotharingia
800 2779 877 2838 olim
896 2793 1067 2861 repertum,
1082 2789 1114 2835 et
1126 2773 1211 2834 emict

185 2889 259 2943 suo,
280 2869 441 2928 Francisco
458 2868 593 2943 pithoeo,
614 2870 698 2929 dono
717 2869 824 2929 datum
838 2892 901 2930 esse
917 2880 1069 2937 statuant3
1090 2864 1123 2925 id
1141 2882 1211 2946 quot

186 2955 276 3016 video
292 2954 408 3015 fectum
426 2977 488 3016 esse
506 2969 615 3038 praetcr
633 2957 710 3017 alios
726 2958 776 3037 (3)
788 2979 806 3016 a
817 2957 911 3019 Gabr.
923 2960 1042 3029 Brotier‚
1057 2952 1151 3013 Gallo
1161 2946 1211 3031 (4)

186 3042 244 3104 Sed
254 3064 352 3123 quum
363 3043 397 3102 P.
408 3041 543 3104 Pithoeus
554 3045 586 3105 in
597 3045 790 3104 dedicatione
800 3043 839 3104 ad
848 3046 1042 3105 Franciscum
1049 3041 1176 3101 fratrem
1186 3038 1210 3117 (i

186 3130 296 3189 diserte
304 3129 394 3205 dicet,
402 3153 433 3191 se
440 3131 590 3191 beneficio
600 3131 780 3215 exemplaris
788 3153 805 3190 a
815 3131 917 3207 fratre,
926 3131 1086 3191 Francisco
1093 3124 1210 3187 Pithoeo

186 3221 296 3301 reperti
310 3219 402 3298 (ubii
412 3242 480 3281 non
495 3222 581 3282 addit
597 3223 663 3303 (6);
678 3221 748 3283 vide
765 3235 867 3282 tamen
888 3220 970 3282 infru
987 3232 1054 3279 not.
1072 3240 1102 3295 r,
1116 3239 1148 3299 p.
1160 3215 1208 3276 36.

188 3402 221 3453 od
237 3405 389 3459 formandos
405 3428 490 3461 mores
507 3414 687 3482 aptissimum
725 3429 786 3482 pag.
801 3427 842 3475 vr,
864 3410 925 3461 edit.
942 3411 1022 3460 Puris.
1043 3403 1125 3477 1783,
1142 3404 1208 3455 itt-¹²

187 3480 251 3533 nihii
261 3485 333 3554 quod
342 3505 396 3537 non
404 3486 445 3538 vel
454 3490 481 3538 in
490 3489 631 3560 Gymeceo,
641 3493 689 3542 rir-
760 3490 799 3562 (2)
808 3489 962 3543 Desbillonii
972 3491 1044 3559 Bisp.
1055 3489 1091 3552 il,
1100 3485 1135 3539 de
1142 3480 1208 3535 Feb}

186 3563 277 3631 pinum
287 3582 318 3614 ec
327 3579 505 3617 matronarum
514 3586 592 3637 grege
601 3571 688 3640 profe·
726 3571 839 3638 Phaedri,
851 3592 878 3643 p.
891 3589 938 3637 xv,
947 3571 1071 3642 premiss.
1083 3568 1116 3637 ej.
1127 3563 1207 3618 edim

187 3660 237 3693 ras.
258 3646 350 3716 Neque
370 3644 447 3698 eliam
468 3666 587 3699 caussam
607 3650 688 3702 fuisse
727 3649 910 3717 ni,Menhem.
926 3648 1095 3720 1786‚in-8⁰.

188 3720 308 3787 arbitror,
321 3723 392 3795 quod
402 3739 474 3776 teuta
485 3729 562 3797 copie
574 3728 644 3779 MSS.
654 3727 688 3779 li·
761 3727 801 3800 (3)
817 3730 896 3779 Mt‘m.
914 3728 946 3779 de
963 3728 1095 3788 remus,
1113 3721 1148 3774 td
1164 3738 1206 3773 ⁸¹¹1

187 3799 294 3853 brorum
311 3805 416 3869 Ariani,
432 3808 474 3857 vix
492 3825 559 3858 uuus
578 3822 604 3860 ct
623 3807 689 3860 aiter
731 3809 847 3879 1708,p.
857 3807 920 3877 785,
931 3804 989 3859 coll.
998 3801 1206 3871 nesbillon.1)iu

189 3882 311 3950 antiquus
322 3881 411 3935 Codex
423 3884 632 3939 Phredrienarum
646 3888 688 3938 fa·
727 3887 775 3953 lii,
784 3886 817 3938 de
826 3887 905 3937 Editt.
916 3885 1014 3936 i'hudr.
1024 3902 1051 3954 p.
1063 3898 1133 3933 mr.

188 3960 308 4013 bolarum
321 3979 446 4035 superest.
458 3989 469 4011 n
482 3968 521 4017 De
533 3967 584 4019 alia
594 3971 688 4020 rarite-
763 3967 802 4038 (4)
812 3970 850 4021 De
859 3968 911 4019 hoc
920 3966 978 4018 vide
990 3964 1040 4016 loc.
1052 3966 1094 4015 cit.

188 4042 221 4092 tis
236 4058 328 4092 caussa
343 4041 394 4093 aiio
408 4042 468 4094 loco
482 4044 560 4095 verba
571 4047 687 4098 factumue
761 4048 801 4120 (5)
810 4052 941 4101 Premissa
952 4061 989 4099 cst
1000 4045 1108 4099 editioni
1114 4042 1205 4098 Wecitr

190 4138 255 4172 rum.
727 4128 789 4180 lien.
801 4130 901 4181 Hanov.
916 4128 1090 4195 1603,tn-12.

224 4197 263 4269 (ι)
274 4200 373 4252 Ptaefat.
390 4201 504 4255 Editioni
521 4207 577 4274 ejus
590 4206 685 4277 praeiix.
762 4207 801 4278 (6)
816 4208 864 4261 Les
880 4208 1029 4261 calvinistes
1045 4205 1150 4257 avaient
1162 4200 1203 4274 pii
