2820 5018
372 490 402 570 t.
426 506 465 572 o.
488 501 520 572 s.
543 502 800 571 scaiman.
1088 508 1105 572 5

51 650 162 715 etiam
185 644 246 712 sub
267 643 367 711 finem
388 646 562 737 cujuslibet
581 646 699 712 fabula
718 646 885 712 nominavi
902 662 1031 736 poetas,
1049 653 1106 738 qui

53 754 215 822 eamdem
230 771 362 819 narrant
376 753 534 833 fabulam,
548 757 615 818 sive
630 771 739 821 essent
752 756 968 843 antiquiores,
982 758 1049 819 sive
1061 779 1108 821 re·

52 864 242 940 centiores,
258 860 291 925 id
307 859 396 951 quod
412 861 633 925 existimabam
647 862 757 926 multis
771 878 958 950 pergratum
973 885 1043 926 esse
1057 862 1107 926 fu-

54 983 187 1031 turum.
199 967 287 1030 Loca
298 964 408 1052 paullo
421 963 604 1030 difficiliora
614 965 653 1029 ad
666 964 915 1053 intelligendum
926 982 959 1029 et
968 966 1106 1031 obscura

56 1071 249 1159 explanavi,
264 1071 323 1149 ita,
339 1085 375 1133 ut
389 1092 465 1133 curn
480 1092 745 1159 unamquamque
760 1070 903 1134 fabulam
917 1072 1108 1159 interpreta-

57 1191 115 1238 tus
126 1196 249 1252 essem,
260 1175 400 1262 optimos
412 1175 609 1262 Interpretes
620 1173 839 1252 consulerem,
851 1197 1032 1263 eorumque
1042 1175 1106 1263 pla·

57 1284 126 1348 cita
137 1285 173 1347 in
186 1304 278 1346 rneos
292 1297 452 1346 verterem
466 1303 560 1361 usus,
576 1283 693 1369 saepius
709 1284 843 1346 retentis
854 1284 933 1370 ipsis
946 1284 1107 1371 luterpre-

59 1402 135 1451 tum
150 1384 270 1449 verbis.
288 1388 407 1449 Praeter
418 1383 638 1464 Schefferum,
655 1387 896 1473 Heusingerum
908 1403 941 1451 et
955 1389 1106 1451 Burman-

59 1512 159 1567 num,
169 1489 290 1578 quibus
300 1487 402 1552 multa
412 1488 533 1567 debeo,
543 1489 700 1577 aliosque,
712 1512 795 1577 quos
805 1490 857 1554 vel
868 1492 902 1554 in
911 1492 1104 1556 Praefatione

60 1595 104 1661 ad
117 1598 153 1660 P.
167 1597 231 1674 lll,
246 1594 374 1659 Phaedri
389 1619 421 1683 p.
438 1614 483 1674 w,
498 1595 550 1660 vel
562 1596 596 1659 in
611 1597 703 1661 Notis
715 1595 813 1686 hujus
826 1596 1105 1664 Editionislauda·

61 1705 110 1782 ri,
128 1700 321 1768 nominandi
340 1719 416 1767 sunt
430 1701 463 1766 h.
477 1701 499 1765 l.
519 1701 739 1767 Desbillonius
755 1721 788 1768 et
803 1704 851 1769 Cl.
866 1704 1104 1787 Tzscbuelrius,

64 1830 207 1897 quorum
225 1805 394 1872 Editiones
410 1805 489 1870 mihi
508 1808 600 1871 fuere
617 1807 788 1895 perutiles,
808 1827 846 1873 ut
859 1814 1105 1899 praetermittam

61 1912 155 1991 alias,
170 1914 204 1976 in
216 1913 338 1976 Notitia
346 1912 501 1976 litteraria
510 1909 552 1974 de
563 1909 700 1975 Phaedro
712 1911 868 1977 laudatas.
881 1917 996 2004 Neque
1006 1914 1103 1980 laude

60 2039 121 2081 sua
134 2015 354 2080 defraudandi
372 2030 448 2079 sunt
464 2016 624 2079 Censores
644 2014 763 2080 eruditi
781 2017 901 2104 aliique
920 2020 980 2081 viri
1000 2017 1103 2099 docti,

62 2126 120 2212 qui
137 2123 192 2201 rel
208 2124 334 2211 scriptis
347 2120 545 2200 minoribuS,
563 2120 745 2210 iisdemque
760 2125 913 2211 perraris,
928 2123 1103 2188 Phaedrum

62 2230 316 2309 illustraverant,
335 2229 423 2293 vela
440 2227 560 2317 quibus
578 2231 747 2308 Censurae,
766 2227 807 2293 ad
825 2228 999 2295 Phaedrum
1014 2254 1104 2319 spec·

62 2350 184 2413 rantes,
200 2336 314 2400 Diariis
328 2335 490 2399 litterariis
506 2334 635 2398 fuerant
648 2336 776 2399 insertae
788 2336 847 2420 (ι),
868 2360 885 2400 e
901 2337 1020 2426 quibus
1035 2360 1104 2402 om-

64 2440 160 2506 uibus
180 2440 351 2506 utilitatem
370 2442 453 2529 cepi.
473 2441 625 2529 Inprimis
643 2442 803 2506 rationem
819 2443 1001 2508 Latinitatis
1015 2443 1103 2508 Phae·

63 2546 112 2612 dri
121 2546 239 2627 habui,
252 2546 337 2612 adeo
347 2565 383 2611 ut
393 2571 460 2612 non
471 2547 577 2612 solum
587 2547 779 2636 elegantiam
790 2565 823 2614 et
832 2551 897 2613 virn
908 2551 1099 2631 verborum,

64 2675 156 2741 aeque
177 2675 216 2716 ac
238 2654 445 2716 Latinitatem
466 2652 687 2731 ostenderem,
712 2670 744 2716 et
766 2676 807 2717 ex
828 2653 898 2718 aliis
918 2658 1100 2743 priscorum

63 2759 259 2845 scriptorum
276 2756 356 2821 locis
375 2756 570 2821 illustrarem
589 2773 621 2820 et
640 2756 853 2838 vinditurern3
875 2763 1101 2824 verumetiam

63 2886 135 2952 quae
150 2880 229 2928 sunt
245 2865 279 2928 in
293 2862 431 2928 Phaedro
448 2864 635 2951 singularia,
656 2887 717 2928 nec
732 2887 797 2928 non
813 2863 1013 2945 Idiotismos,
1029 2890 1102 2954 pro-

63 2974 234 3060 prietatem
254 2971 398 3061 denique
419 2971 539 3059 linguae
560 2971 683 3050 latinae,
708 2973 896 3037 varietatem
920 2991 952 3037 et
973 2974 1102 3061 copiam

63 3092 211 3141 accurate
220 3092 378 3140 notarem.
388 3077 460 3139 Hoc
469 3076 557 3139 enim
565 3073 724 3138 debebam
733 3076 880 3162 scriptori
888 3074 1100 3163 lepidissimo,

64 3181 155 3270 eujus
167 3183 321 3258 moritur,
338 3177 391 3242 vel
407 3201 445 3241 ex
459 3179 564 3265 eapite
578 3179 760 3240 Latinitatis
774 3177 882 3240 fuerat
897 3179 1100 3266 impugnata3
1195 3220 1198 3225 -

65 3307 126 3348 nou
147 3301 259 3348 tamen
277 3283 430 3368 contigit,
452 3279 605 3345 eumdem
623 3278 760 3343 liberare
777 3303 794 3343 a
815 3284 969 3367 peccatis,
991 3282 1043 3347 vel
1060 3283 1101 3347 ab

65 3386 161 3450 initiis
176 3384 315 3449 labentis
329 3400 400 3448 tum
417 3383 585 3471 elegantiae
601 3382 739 3459 Latinae,
761 3383 814 3450 vel
827 3384 868 3447 ab
882 3386 1103 3474 interpolatio-

67 3492 158 3555 nibus
179 3493 408 3579 magistrorum
427 3512 571 3567 morum,
588 3486 827 3552 ¹monachorum
846 3508 879 3555 et
896 3491 1103 3557 librariorum

68 3596 222 3665 ducendis
235 3602 290 3685 (a).
303 3600 418 3685 Neque
430 3598 528 3660 etiarn
540 3618 614 3685 quae
626 3594 776 3683 pulchra,
793 3619 866 3685 quae
878 3617 1015 3664 venusta
1027 3619 1103 3669 suut

70 3703 100 3765 in
112 3701 249 3767 Pbaedro
262 3702 468 3790 praetermisi,
482 3716 515 3765 et
526 3702 635 3764 notavi
648 3722 723 3763 curn
735 3698 912 3767 dictionem
924 3708 1100 3791 poeticam,

72 3820 134 3872 turn
148 3810 294 3875 breviter
310 3806 441 3873 laudavi
455 3807 638 3871 fabularum
656 3809 804 3887 virtutes3
825 3811 863 3874 iis
877 3834 945 3877 non
958 3816 1100 3895 omissis,

104 4013 139 4085 (r)
152 4017 191 4068 Cf.
209 4015 394 4090 Ephemerides
412 4016 540 4069 litteraria.
558 4017 761 4087 Goettiuqenses,
781 4017 922 4087 corbana,
941 4019 1102 4074 Bibliotheca

79 4089 151 4222 Gerqr.
161 4096 516 4170 universaliallplremerirles
525 4099 685 4151 litteratura
697 4099 831 4152 universal.
847 4103 980 4165 lonenses,
991 4101 1023 4153 al.
1036 4120 1100 4172 quar

83 4188 120 4221 *tw
137 4194 184 4227 oco
196 4179 281 4228 citari.

109 4249 142 4320 (η
150 4254 187 4305 ct.
199 4257 299 4309 Neritia
309 4254 415 4310 litterar.
427 4255 461 4310 de
472 4256 555 4309 Codd.
569 4257 639 4311 MSS·
651 4260 682 4308 ¹³⁰
695 4257 719 4323 l·
