2820 5018
183 463 227 531 66
554 458 620 521 DE
641 456 844 521 eunom

180 603 337 665 mentatiit
350 600 448 678 lilarq.
467 594 576 669 Gudii,
589 595 685 654 Com.
698 593 900 665 liittersbusii,
918 595 984 655 liic.
998 596 1139 678 sigelin,
1159 601 1225 660 Ntc.

180 690 312 762 Heinsii‚
331 681 769 766 loannsehefferi,Jo.‚1,ud.
787 679 919 741 Prascbii
932 696 963 742 et
979 688 1129 767 excerptis
1153 688 1227 749 alio·

180 800 265 851 rum,
279 780 412 836 Curante
425 775 512 831 Petro
528 774 706 831 llnrmanno
728 768 849 829 Amstel.
870 771 953 852 apud
966 773 1062 833 Henr.
1078 775 1225 837 wetsten.

183 867 269 945 1698,
282 866 358 922 inz‘l⁰
372 858 453 940 maj,
468 859 539 918 edit.
552 859 588 928 1.,

219 955 313 1015 Gudii
333 970 430 1025 notar,
445 950 617 1009 eruditione
634 969 699 1008 non
716 948 835 1028 vulgari
855 951 1003 1029 insignes,
1020 952 1159 1032 primum
1173 952 1224 1014 bie

180 1045 342 1128 prodeunt.
365 1044 512 1100 Statuerat
534 1038 653 1097 (ludius
666 1036 720 1096 has
733 1039 764 1096 in
779 1036 942 1098 Phaedrum
954 1054 1044 1098 notas
1059 1062 1224 1119 recensere,

178 1135 250 1195 etin
273 1133 370 1192 lucem
385 1128 540 1210 publicam
554 1126 704 1185 mittendo
717 1128 858 1185 omnium
870 1126 1024 1185 desideriis
1036 1128 1224 1206 satisfacere,

179 1222 230 1281 sed
243 1220 347 1280 infelix
360 1219 458 1277 fatum
478 1216 641 1275 consilium
660 1213 724 1295 ejus
738 1217 859 1274 irritum
876 1214 956 1274 fecit.
970 1215 1006 1273 Et
1023 1214 1153 1275 fortasse
1172 1217 1221 1278 bie

179 1311 270 1372 labor
281 1313 312 1370 in
324 1326 473 1370 aeternum
487 1307 635 1388 periisset,
649 1307 706 1364 nisi
718 1307 873 1378 Graevius,
885 1326 1024 1365 summus
1035 1305 1114 1366 olim
1127 1308 1221 1368 Gudii

180 1404 310 1475 amicus,
324 1414 388 1458 tam
403 1396 530 1532 egrepiae
545 1394 692 1454 doctrinae
705 1397 897 1454 monimenta
909 1396 1073 1476 accepisset
1083 1395 1124 1455 ab
1138 1395 1223 1457 bere·

179 1480 287 1554 dibus,
301 1499 369 1560 quae
389 1475 469 1535 detm
482 1496 515 1548 e,
537 1495 633 1554 quum
653 1475 717 1557 ipsc
734 1495 842 1533 eorum
862 1476 1014 1533 curationi
1034 1495 1144 1535 vacare
1157 1496 1234 1547 non

179 1582 296 1651 posset,
315 1567 491 1623 Burmanno
506 1565 538 1620 in
554 1561 673 1640 sulgnd·
681 1559 800 1619 edenda
814 1560 935 1620 obtulit.
957 1563 992 1621 ln
1015 1560 1220 1623 describendis

177 1675 209 1720 et
227 1653 406 1718 ordinandis
424 1651 518 1709 Gudii
534 1651 614 1710 notis
635 1664 785 1729 quantum
800 1671 817 1708 a
834 1651 1013 1709 Burmanno
1034 1650 1219 1711 collocatum

178 1746 271 1806 fucrit
285 1759 403 1823 operae,
416 1760 432 1797 c
446 1736 626 1820 praefatione
640 1734 728 1794 facile
742 1736 931 1817 intelligitur.
944 1735 1125 1816 conjecerat
1138 1739 1218 1797 enim

178 1831 298 1893 Gudius
311 1844 399 1887 notas
412 1847 480 1885 suas
496 1828 527 1884 in
543 1824 676 1883 minutas
695 1823 835 1897 schedas,
851 1846 934 1905 quae,
947 1825 1061 1905 partim
1075 1826 1220 1885 laceraret

180 1920 313 1992 mutilae,
327 1917 439 1997 partim
454 1914 615 1996 putredine
627 1933 735 1986 exesae,
753 1915 802 1971 rix
816 1912 986 1972 litterarum
1000 1915 1130 1995 vestigia
1143 1913 1221 1974 exhi·

178 2009 302 2069 bebant.
318 2009 422 2084 Neque
441 2007 473 2062 in
490 2025 588 2062 unum
603 2001 748 2061 volumen
771 1999 1000 2062 lucubrationes
1011 2022 1082 2061 suas
1099 2023 1220 2084 conges-

180 2109 272 2168 serat,
287 2092 338 2151 sed
353 2106 488 2171 quatuor
502 2089 691 2148 diversarum
710 2086 830 2146 l'ltaedri
845 2086 1016 2146 editionum
1029 2089 1220 2169 marginibus

180 2185 380 2266 cogitationes
394 2199 464 2237 suas
478 2179 685 2252 commiserat,
702 2198 770 2257 quae
789 2197 867 2257 scope
881 2176 996 2236 eaedem
1018 2177 1085 2237 aliis
1107 2180 1220 2251 verbis,

180 2291 259 2352 saepe
271 2269 396 2326 diversae
412 2281 440 2323 ct
453 2265 631 2336 contrariae,
645 2266 775 2321 maxime
791 2267 939 2321 incertum
955 2265 1096 2323 animum
1109 2264 1220 2324 divide

180 2357 270 2428 bant,
299 2352 372 2431 quid
398 2352 593 2430 potissimum
617 2365 792 2430 sequeretur
812 2352 1015 2409 lluttnunnus.
1042 2351 1098 2409 Sed
1119 2367 1220 2412 tamen

178 2445 228 2505 bic
243 2442 320 2502 nibil
336 2441 439 2499 Gndin
455 2439 619 2512 subtraxit,
635 2438 711 2497 nibil
728 2440 810 2520 quod
832 2461 897 2499 non
914 2462 1009 2500 manu
1030 2440 1115 2501 illius
1135 2456 1219 2502 nota·

178 2548 246 2593 tum
261 2531 367 2599 fucrit,
380 2526 532 2597 exhibuit,
548 2529 579 2585 in
592 2526 769 2607 supplendis
785 2528 901 2588 lacunis
913 2544 942 2588 et
957 2531 1102 2590 intricate
1116 2531 1221 2592 verbo·

179 2637 250 2679 runt
264 2637 353 2676 sensu
365 2613 563 2694 experiendo,
576 2614 704 2672 consilio
717 2629 746 2674 et
761 2638 853 2694 opera
866 2618 977 2677 Graevii
991 2637 1078 2692 usus,
1090 2620 1147 2698 qui
1158 2618 1222 2701 pul·

180 2704 328 2766 cherrime
340 2699 432 2759 Gudii
453 2699 632 2757 sententiam
646 2698 684 2757 de
698 2701 839 2780 plurimis
861 2702 979 2762 Pbaedri
994 2703 1068 2764 locis
1084 2720 1222 2767 novem.

180 2792 295 2856 Heinsii
312 2806 408 2861 notat,
423 2808 490 2869 quae
506 2788 608 2846 itidem
626 2790 761 2869 primurn
781 2788 830 2848 bic
843 2791 1013 2871 prodeunt,
1028 2791 1221 2855 fideliterde·

180 2885 329 2964 scriptaea
350 2881 527 2936 Burmanno
546 2877 694 2950 eeodice,
712 2898 775 2958 quo
796 2877 845 2937 ille
866 2901 937 2938 usus
950 2878 1024 2937 olim
1046 2879 1165 2957 fuerat,
1186 2902 1221 2942 ex

181 2988 284 3034 mente
303 2967 394 3047 liujus
406 2969 462 3025 viri
480 2966 562 3025 docti
578 2988 642 3025 non
657 2969 727 3024 satis
742 2967 902 3048 diligenter
920 2968 1101 3045 elaboratae,
1114 2970 1166 3031 sed
1179 2984 1221 3031 te·

181 3080 279 3131 mere,
292 3069 321 3114 et
337 3069 370 3112 ut
386 3056 465 3112 inter
479 3052 642 3133 lqgendnm
658 3056 752 3113 menti
768 3056 824 3136 ipsi
844 3056 1040 3131 occurrebat,
1059 3058 1093 3116 in
1113 3058 1220 3141 morgi-

181 3169 253 3208 nem
270 3144 389 3203 Phaedri
410 3142 556 3222 conjectae
578 3155 663 3211 sunt3
679 3143 729 3203 sed
743 3158 845 3204 tamen
869 3147 930 3205 istis
949 3143 1133 3225 conjecturis
1157 3166 1219 3207 nott

182 3255 252 3295 raro
266 3235 317 3293 lux
329 3232 512 3293 adfunditur
528 3230 666 3290 ettadro.
680 3234 775 3312 Atque
786 3235 878 3292 etiam
892 3233 1040 3316 quasdam
1055 3234 1152 3295 codex
1166 3236 1219 3296 Pe·

182 3327 254 3385 rotti
270 3337 373 3406 postea
388 3321 593 3380 confirmavit.
609 3322 650 3380 Ex
665 3323 740 3381 Tan.
756 3324 846 3382 Fabri
866 3325 946 3383 notis
965 3344 1014 3382 eas
1032 3322 1155 3385 tantum
1174 3344 1218 3385 ex·

183 3415 292 3493 cerpsit
305 3416 515 3483 Burmannus,
530 3430 605 3490 quas
619 3408 748 3470 l'ltaedro
761 3412 943 3472 illustrando
959 3411 1133 3473 conducere
1141 3409 1217 3494 judi⁴

182 3503 278 3563 cabat.
290 3502 490 3560 Utilissimum
501 3499 641 3559 Schefferi
654 3500 804 3575 laborem,
814 3501 942 3562 Phaedro
954 3504 1141 3578 insumunt,
1150 3500 1216 3585 ipsit

182 3589 304 3650 Pltaedri
315 3589 414 3648 verbis
426 3586 560 3667 subjecit.
576 3589 721 3669 Scioppii,
737 3590 855 3665 Axenii,
869 3588 1082 3664 Freinsltemii,
1095 3590 1145 3652 Gn
1198 3594 1215 3655 ’.

183 3692 273 3737 notas
286 3676 438 3757 adjunxit,
450 3674 499 3732 scd
515 3695 563 3732 eas
577 3689 714 3751 tantum,
728 3696 796 3756 quae
811 3679 950 3737 instituto
963 3676 1062 3737 facere
1076 3608 1215 3743 videm·

182 3779 241 3824 tur.
255 3765 377 3824 Meursii
393 3783 457 3820 non
476 3783 620 3842 magnam
642 3766 793 3824 rationem
809 3763 929 3839 habuit,
951 3785 1064 3845 quum,
1081 3769 1214 3829 viroruu

184 3854 346 3912 doctorum
362 3852 495 3932 jndicio',
517 3850 678 3912 infeliciter
693 3855 828 3913 criticam
846 3856 877 3914 in
896 3852 981 3914 hunc
995 3869 1153 3916 auctorem
1171 3856 1212 3919 ad

184 3942 346 4000 vocaverit.
358 3940 491 3997 Multum
503 3952 532 3996 et
544 3939 752 4003 meritohaecce
760 3944 948 4004 Burmannie
959 3941 1037 4005 ditio
1048 3942 1213 4007 abemditi

184 4031 335 4111 judicibus
350 4027 471 4087 laudata
484 4040 535 4085 est.

220 4180 301 4235 Catul.
313 4181 378 4235 Bibl.
390 4183 486 4234 Biinat.
496 4180 527 4233 T.
538 4183 562 4248 l,
572 4202 631 4255 pag.
646 4185 704 4239 330.
716 4186 868 4240 Desbillonii
879 4187 1008 4258 Displll,
1019 4185 1143 4244 &Edita
1149 4186 1212 4243 Ph·
