2820 5018
378 509 429 572 IN
453 507 735 573 VOLUMlNE
758 506 783 569 l.
1042 513 1106 579 563

54 661 164 721 Partic.
181 658 236 735 46,
251 671 280 718 et
294 659 325 715 in
339 655 409 714 Hal.
426 657 459 714 A.
473 655 507 713 L.
522 655 554 712 Z.
570 673 644 712 ann.
662 654 751 727 1805,
767 674 799 712 n.
816 654 887 730 258,
903 679 931 738 p.
950 657 1018 734 642.
1034 662 1109 740 Qui.

55 750 112 809 bus
126 762 161 806 nt
175 747 331 819 accedam,
345 743 486 803 nondum
501 763 557 823 ego
570 762 692 824 possum
707 741 821 802 induci.
839 741 885 803 Cf.
902 745 971 806 Not.
989 750 1026 810 ad
1039 750 1072 813 h,
1088 753 1108 816 Ι,

426 926 595 1022 FABULd
618 927 738 985 XXVI.

97 1098 175 1157 Cum
192 1095 249 1156 hac
266 1095 372 1155 fabula
390 1092 599 1175 comparanda
615 1093 723 1153 Graeca
734 1093 837 1176 AEsopi
854 1092 959 1156 labala
975 1099 1110 1181 ejusdem

57 1185 233 1265 argumenti
246 1184 279 1242 in
292 1181 414 1244 Collect.
428 1183 642 1263 Hauptmann.
657 1180 721 1240 fab.
738 1182 810 1263 327,
825 1203 856 1264 p.
872 1184 939 1245 261.

99 1273 149 1332 Vs.
172 1292 183 1329 1
198 1292 242 1352 sq.
256 1269 334 1330 Mihi
348 1269 475 1352 quidem
488 1283 590 1328 totum
607 1268 822 1352 promythium
835 1270 992 1352 displicet:
1008 1294 1114 1362 utpote

58 1360 264 1443 superfluum,
278 1381 377 1441 quum
391 1359 506 1418 ciconia
519 1359 585 1440 ipsa
595 1380 638 1417 vs.
658 1379 706 1433 12,
721 1380 876 1418 summam
887 1359 1003 1425 fabulae
1015 1367 1115 1430 brevi.

58 1466 106 1512 ter
121 1463 151 1509 et
167 1448 275 1509 melius
290 1449 397 1520 etiam,
418 1449 475 1508 nisi
489 1446 597 1522 fallor,
620 1461 763 1528 exponat.
777 1449 946 1530 Saepissime
962 1468 1067 1516 autem
1078 1461 1112 1519 in
1135 1496 1139 1518 ι

58 1541 119 1602 hoc
140 1537 265 1620 quidem
284 1540 364 1599 circa
381 1535 558 1620 promythia
576 1551 605 1595 et
622 1535 792 1618 cpimythia
810 1552 946 1598 erratum
965 1555 1019 1604 est.
1042 1547 1112 1610 vid.

58 1629 123 1690 fab.
137 1649 182 1709 sq.
197 1627 295 1687 Bothe.
312 1626 443 1687 liohlius
454 1628 488 1685 in
503 1625 610 1685 eadem
622 1623 681 1684 fuit
694 1627 857 1699 sententia,
871 1640 906 1686 ut
918 1649 974 1689 suo
989 1630 1057 1694 loco
1070 1637 1116 1695 in·

61 1720 174 1793 dicavi3
194 1739 293 1799 neque
313 1719 404 1776 etiam
426 1737 496 1775 vero
515 1730 558 1775 cst
581 1714 732 1791 absimile,
747 1736 818 1775 cum
837 1716 1029 1799 promythia,
1047 1738 1114 1786 tum

59 1807 244 1892 epimythia,
262 1810 294 1867 in
308 1806 429 1866 Phaedri
444 1805 556 1866 fabulis
569 1807 680 1887 passim
696 1826 756 1866 esse
772 1805 970 1887 interpolata3
986 1830 1052 1872 non
1069 1828 1116 1875 ta.

62 1920 134 1959 men
146 1912 310 1980 propterea
323 1896 485 1979 ejicienda,
497 1896 548 1956 sed
560 1895 702 1970 ferenda,
716 1896 897 1977 putaverim.
912 1898 1116 1966 Ponderanda

60 1992 145 2051 enim
158 2002 244 2061 sunt,
256 2009 325 2069 quae
337 1986 394 2047 hoc
408 1986 445 2046 de
457 2001 640 2069 argumento
651 1986 791 2046 observat
803 1986 917 2046 Censor
927 1987 1035 2052 doetus
1047 1995 1117 2078 Lip-

62 2078 179 2151 siensis,
195 2076 265 2135 loeo
284 2075 389 2157 paullo
407 2088 478 2134 ante
494 2072 598 2133 citato.
617 2074 672 2133 His
689 2072 767 2133 addc
781 2094 850 2156 quae
865 2075 1024 2138 observata
1041 2096 1115 2144 sunt

64 2166 98 2224 in
112 2167 145 2223 A.
160 2164 192 2221 L.
206 2164 236 2221 Z.
253 2163 322 2222 Hal.
340 2163 429 2235 1805,
444 2184 474 2219 n.
491 2162 564 2236 258,
580 2183 609 2241 p.
625 2159 693 2234 642.

412 2346 581 2404 FABULA
603 2346 762 2405 XXVIII.

105 2509 154 2565 Vs.
169 2505 197 2579 [ι.
213 2506 273 2565 Alii
286 2506 456 2587 explicant:
473 2507 504 2562 in
519 2505 628 2561 nidum
641 2507 741 2584 posuit
752 2505 861 2587 pullis,
874 2521 909 2566 ut
919 2509 1007 2589 pallis
1017 2513 1065 2574 vel
1079 2517 1117 2576 sit

61 2596 183 2655 dativus
197 2615 345 2677 persona,
361 2594 407 2653 vel
424 2593 545 2652 da'tiius
559 2586 728 2667 commodi,
734 2595 794 2676 fiir
806 2598 882 2654 §eine
894 2599 1022 2679 Junqen.

101 2687 152 2745 Vs.
171 2682 201 2759 4
221 2697 379 2768 caperent.
400 2685 544 2743 Heinsius
563 2696 703 2764 carperet,
726 2682 878 2743 Bentleius
896 2687 1037 2751 conderet.
1059 2692 1116 2754 Sed

62 2788 268 2859 preterquam
292 2774 373 2855 quod
396 2773 619 2833 inconcinnum
643 2786 701 2845 est,
722 2776 806 2851 ponit
826 2786 859 2833 ut
875 2776 1021 2854 conderet,
1047 2804 1117 2863 qnae

60 2864 153 2924 verba
165 2862 228 2921 fere
239 2862 320 2921 idern
333 2860 381 2920 hic
393 2875 519 2932 notant;
535 2862 604 2941 quis
620 2881 761 2941 unquam
777 2860 909 2937 audivit,
921 2864 954 2922 in
966 2867 1049 2927 nidis
1060 2892 1116 2931 vo-

61 2951 160 3011 lucres
172 2970 271 3009 escam
284 2948 428 3021 condere,
441 2963 476 3006 ut
487 2951 519 3006 in
533 2946 661 3021 horreis,
674 2947 758 3005 unde
768 2947 880 3023 hieme,
893 2965 947 3009 aut
957 2965 1116 3037 tempesta-

61 3039 144 3100 tibus
156 3038 306 3098 haberent
321 3053 464 3118 paratnm
479 3035 601 3097 cibum?
616 3056 672 3096 nec
688 3037 781 3095 etiam
794 3051 859 3118 post
873 3035 992 3119 aliquod
1006 3055 1117 3127 tempus

62 3128 195 3191 reddidit
213 3129 380 3187 incolumes
400 3129 506 3202 matri,
527 3127 575 3186 scd
592 3126 768 3206 evestigio:
786 3125 892 3207 vulpes
910 3129 992 3188 enim
1012 3137 1117 3195 statim

62 3231 218 3301 persecuta
231 3216 368 3297 aquilam
380 3217 515 3297 rogavit,
527 3229 562 3274 ut
575 3214 727 3291 redderet,
742 3228 771 3274 et
783 3236 881 3296 quum
893 3232 1117 3301 contemneret,

61 3309 142 3368 illico
158 3308 256 3367 facem
272 3306 415 3365 admovet
431 3307 549 3380 arbori,
569 3305 611 3363 ita
626 3318 660 3363 nt
678 3303 794 3386 Aquilae
812 3318 930 3386 tempus
944 3328 1010 3367 non
1026 3328 1116 3391 esset,

62 3396 217 3457 condendi
239 3395 337 3478 pullos
357 3394 473 3477 Vulpis.
493 3396 614 3455 Rectius
635 3414 721 3474 ergo,
739 3391 826 3474 pullis
845 3415 941 3453 escam
957 3403 1066 3477 posuit,
1086 3416 1119 3462 ut

64 3507 129 3548 eom
151 3496 307 3566 carperent.
328 3487 493 3544 Burmann.
511 3482 657 3564 Displicet
677 3480 804 3541 Bentleii
822 3481 1011 3563 conjectura,
1028 3510 1119 3574 prop

19 3590 28 3604 ’
64 3592 111 3637 ter
123 3575 305 3651 ταυτολογὶαν,
324 3593 418 3653 quam
435 3572 527 3632 infert
541 3572 710 3632 sententia.
727 3569 810 3646 Quid
827 3571 910 3630 enirn
925 3587 968 3632 est
981 3576 1116 3654 condere,

64 3666 124 3727 nisi
138 3666 289 3743 reponere?
303 3665 372 3724 Vid.
383 3664 554 3724 Burmanni
567 3663 689 3744 (Harii)
700 3662 795 3743 Epist.
806 3662 872 3721 crit.
883 3660 978 3723 dehis
988 3665 1116 3731 Bentleii

66 3751 319 3817 adnotationibus
331 3757 379 3838 (p.
397 3755 461 3836 27).
477 3751 578 3813 Bothe.

108 3845 158 3901 Vs.
183 3862 226 3900 ιο.
246 3842 367 3924 Recepit
381 3842 453 3903 clar.
472 3840 561 3901 Bothe
580 3839 786 3921 conjecturam
806 3839 1004 3921 Heusingcri,
1023 3845 1120 3904 Hostis

68 3927 167 3991 dolore
188 3927 328 3987 domnum
355 3928 491 3990 ulciscens
512 3932 676 4010 sanquine,
699 3925 858 4009 repudiata
877 3925 1003 3986 Bentleii
1022 3951 1122 3991 emen-

69 4019 205 4079 datione.
224 4016 262 4074 dt
280 4015 348 4075 vide
364 4017 533 4077 Censuram
550 4014 671 4075 Phaedri
690 4013 835 4074 Bothiani
852 4014 885 4071 in
902 4015 935 4074 A.
951 4015 984 4074 L.
1002 4016 1032 4076 Z.
1051 4019 1122 4081 Hal.

75 4108 164 4182 1805,
180 4113 217 4166 u⁰
231 4107 304 4180 258,
319 4128 349 4188 p.
363 4105 431 4180 643.
443 4107 490 4166 Cf.
504 4107 574 4166 Ere.
588 4105 659 4179 llll,
672 4104 710 4163 ad
723 4102 755 4163 h.
767 4103 787 4163 l.
803 4105 947 4163 Nostram
959 4102 1050 4185 hujus
1061 4108 1125 4178 loci

68 4199 352 4280 interpretationem
365 4195 490 4255 firmant
501 4217 625 4278 quoque
637 4195 726 4254 Notae
739 4194 841 4266 Harii,
854 4193 940 4274 cujus
950 4196 1043 4277 Epist.
1054 4206 1122 4264 crit.

72 4288 143 4350 vide
156 4308 186 4370 p.
203 4307 250 4367 27·

937 4383 979 4434 36.
