2820 5018
402 424 453 489 ΙΝ
475 418 756 488 VOLUMINE
779 423 805 487 l.
956 427 957 431 ’
1065 417 1126 486 565

75 557 187 638 pinos?
205 559 245 620 Ut
261 581 376 636 escam,
395 559 513 642 inquit,
534 570 694 641 carperent
710 557 797 641 pulli.
819 560 891 620 Non
908 558 1071 622 intercedo.
1090 565 1130 621 At

79 668 241 729 peremne
257 650 334 711 illud
356 651 503 733 temporis
516 648 729 724 intervallum,
744 648 829 731 quod
845 672 863 710 a
879 664 970 734 raptu
987 651 1030 713 ad
1043 653 1129 713 resti·

78 736 232 800 tutionem
246 739 478 822 praeterlapsum
491 751 549 813 est,
566 739 734 799 incolumes
749 740 859 798 servmi
874 753 948 800 eunt
963 745 991 801 οἱ·
1002 747 1129 806 ἀλωπεκι-

77 822 141 895 διῑς,
157 846 189 884 re
203 826 315 888 scilicet
329 825 451 887 Phaedri
465 829 507 886 ita
521 828 672 907 exigente,
687 838 728 885 ut*
738 826 833 908 possit
846 825 1015 907 aliqnando
1030 849 1104 894 suos,
1113 848 1141 886 e-

77 915 185 973 mortis
203 917 337 997 periculo
357 918 472 998 eripere
488 916 572 975 Jovis
590 915 733 994 armiger.
753 915 810 992 (At
827 914 908 998 lege,
928 937 998 997 quac
1011 918 1135 984 Censor,

78 998 185 1061 doctus
200 1004 317 1086 objicit,
334 1006 367 1064 in
385 1007 418 1064 t.
436 1006 470 1064 L.
487 1004 519 1064 Z.
534 1002 604 1064 Hal.
627 1003 717 1078 1805,
736 1014 771 1063 n⁰
791 1003 865 1080 258,
884 1027 914 1086 p.
931 1002 1001 1080 643.
1015 1005 1143 1084 Seleu.)

79 1086 184 1164 Vides,
196 1093 485 1153 multum-interesse
498 1091 580 1151 inter
593 1090 711 1171 aquilas
721 1111 833 1171 grsecas
845 1104 875 1152 et
884 1091 1003 1152 latinas.
1015 1092 1131 1169 Altera,

81 1175 184 1236 minus
201 1200 274 1241 sane
286 1179 439 1262 religiosa,
451 1178 557 1253 credo,
570 1190 605 1238 ut
616 1176 756 1239 officium
765 1172 1143 1260 praestaretdrchiloclto,

83 1263 265 1346 ambagibus
282 1270 327 1329 uti
346 1266 483 1341 nolebat,
498 1265 566 1341 sed,
583 1266 668 1348 quod
686 1266 729 1326 ait
742 1266 905 1349 interpres,
919 1271 934 1328 ὁ
947 1270 1018 1336 ἀετὸς
1031 1274 1131 1349 ἀπορῶν

81 1362 204 1431 τροφῆς...
221 1361 264 1415 καὶ
277 1360 310 1417 τὰ
322 1363 468 1436 preripere
479 1359 639 1434 ἀναρπάσας,
661 1357 725 1434 μετὰ
739 1362 789 1413 τῶν
802 1359 881 1414 αὐτοῦ
895 1364 1001 1415 νεοττῶν
1016 1363 1133 1417 ametu-

79 1444 184 1502 νήσατο.
197 1444 297 1504 Altera
309 1442 644 1505 cunctando...‚restituit
656 1462 725 1500 rem.
737 1440 856 1502 Deinde
864 1443 939 1502 scire
948 1443 1056 1519 velim,
1069 1467 1131 1527 quo
1215 1484 1218 1493 ·

77 1527 205 1590 tandem
217 1533 307 1594 modo
317 1533 499 1594 exstinctum
509 1530 547 1589 sit
559 1528 636 1588 illud
652 1527 846 1604 incendium,
858 1550 922 1611 quo
934 1542 1031 1591 totam
1046 1534 1135 1594 arho-

77 1634 144 1673 rem
159 1619 402 1682 circumdederat
422 1616 560 1700 Vulpes?
576 1617 648 1677 Non
667 1616 743 1675 dixit
761 1615 918 1678 Phaedrus.
943 1618 1131 1700 Significavit

77 1701 186 1764 saltem
206 1708 368 1781 Romulus,
386 1707 441 1788 qui
461 1705 566 1764 locum
588 1704 630 1763 ita
653 1704 761 1763 vertit:
787 1704 956 1787 Quumque
974 1705 1080 1768 fumus
1101 1725 1132 1770 et

79 1787 204 1852 flamma
219 1808 456 1876 perstreperent,
468 1792 547 1854 etad
560 1794 769 1852 summitatem
780 1793 898 1853 arboris
910 1815 1008 1877 prope
1019 1799 1133 1878 pertin·

79 1894 199 1957 gerent,
213 1883 316 1965 aquila
332 1883 430 1943 nimio
444 1881 550 1942 dolore
563 1880 737 1963 compulsa,
758 1900 794 1940 ac
811 1869 972 1963 pullorum
987 1904 1075 1962 cura,
1093 1908 1133 1950 ne

80 1969 230 2049 perirent,
248 1971 392 2054 vulpinos
409 1969 525 2032 catulos
543 1970 714 2031 incolumes
732 1972 825 2036 matri
843 1971 970 2053 supplex
985 1974 1131 2054 reddidit,

81 2052 233 2116 obsecrans
243 2059 399 2119 adductam
413 2061 596 2140 restingueret
608 2055 785 2117 incendium.
799 2057 839 2115 At
848 2058 1007 2138 quomodo
1020 2059 1080 2122 hoc
1092 2062 1133 2123 ef·

81 2140 183 2206 fecerit
196 2148 380 2231 vulpecula,
398 2147 549 2208 Romulus
567 2147 661 2206 etiarn
677 2165 741 2204 non
757 2149 886 2206 curavit.
902 2146 984 2223 Quid
1001 2149 1133 2234 denique

81 2252 116 2292 ex
127 2232 184 2295 hac
199 2235 305 2298 fabula
319 2235 480 2298 discimus?
491 2237 606 2317 Nempe
617 2232 664 2311 id,
678 2233 765 2294 unde
773 2233 860 2296 duxit
868 2234 1018 2298 Phaedrus
1030 2260 1134 2301 narra-

84 2324 174 2385 tionis
185 2327 402 2408 ingressionem
414 2350 421 2386 :

224 2463 349 2530 Quamvis
359 2462 481 2516 sublimet
490 2462 588 2514 debent
597 2459 710 2514 humiles
719 2476 848 2529 metuere,

224 2543 346 2597 Vindicta
355 2543 436 2598 docili
445 2546 506 2616 quia
516 2556 589 2615 patet
598 2542 715 2595 solertia.

66 2644 69 2648 ι
81 2673 172 2750 Quod
185 2679 255 2738 satis
267 2679 410 2761 jejunum
423 2691 467 2741 est
479 2672 611 2754 dictum,
625 2679 727 2740 simile
743 2679 820 2740 illud
838 2679 1002 2766 proverbio
1016 2701 1138 2767 groeco,

82 2764 164 2845 quod
179 2783 363 2849 comparant
376 2768 406 2829 h.
422 2769 442 2829 l.
458 2769 653 2851 interpretes:

220 2895 308 2949 'lineri
317 2895 359 2965 tp'r
366 2894 468 2967 μὸρμω
478 2892 520 2964 κᾷν
529 2894 600 2965 eim
608 2892 676 2961 xm'.

83 3026 194 3088 Paullo
206 3028 297 3089 latius
310 3042 393 3113 patet
404 3031 565 3112 veriorque
576 3042 621 3090 est
631 3028 795 3100 sententia,
808 3047 904 3106 quam
916 3025 1071 3088 illustrare
1079 3050 1135 3088 vo·

83 3113 141 3175 luit
151 3115 366 3193 Archilochus,
377 3117 408 3179 h.
418 3139 444 3178 e.
454 3139 504 3192 ea,
517 3139 613 3200 quam
623 3117 744 3199 egregie
753 3115 897 3196 expressit
906 3129 994 3197 poeta
1003 3115 1134 3177 latinus:

226 3253 296 3303 litro
306 3252 503 3305 antecedentem
512 3251 650 3305 scelestum

226 3333 347 3387 Deseruit
355 3333 423 3407 pede
433 3353 512 3406 poent
522 3332 618 3386 claudo

84 3461 233 3547 perjurum
252 3469 409 3551 inprimis,
430 3466 529 3548 qualis
547 3465 716 3550 Lycambes
733 3462 822 3523 nobis
841 3461 1033 3555 proponitur.
1054 3459 1142 3520 Nulli

85 3552 171 3612 euim
184 3554 303 3631 sceleri,
318 3556 487 3616 secundum
501 3554 680 3616 doctrinam
695 3564 833 3611 veterum
847 3549 960 3623 Δοιδῶν,
979 3560 1044 3607 tam
1058 3559 1141 3609 certa

87 3664 106 3704 a
124 3641 181 3703 diis
200 3646 425 3707 immortalibus
443 3647 610 3707 constituta
628 3656 673 3704 est
692 3661 801 3725 poena,
824 3660 920 3721 quam
938 3637 1087 3720 perjurio,
1107 3651 1142 3698 ut

90 3743 213 3808 contra,
234 3737 317 3816 quod
334 3738 484 3798 Pindarus
501 3738 558 3812 cit,
575 3734 625 3796 Ol.
640 3735 685 3810 ll,
708 3753 771 3814 ¹¹7·
784 3731 865 3790 Huic
879 3729 1035 3789 seutentiae
1049 3727 1141 3809 expli·

87 3821 195 3882 caudae
209 3842 314 3885 omnes
331 3826 445 3887 fabulae
460 3845 566 3907 graecae
580 3837 680 3907 partes
696 3818 937 3882 accommodatio
957 3831 1038 3878 sunt.
1058 3819 1141 3877 ilinc

90 3910 201 3993 aquilae
212 3933 279 3973 non
293 3914 418 3977 aliunde
433 3916 566 3976 infertur
582 3913 743 3996 pernicies,
764 3910 815 3971 sed
829 3930 864 3970 ea
878 3929 940 3969 sese
953 3909 1033 3989 ipsa,
1054 3907 1143 3989 quasi

91 4000 175 4060 aliud
190 4021 295 4083 agens,
308 4002 566 4065 inextricabilibus
579 4022 680 4084 poenae
692 4000 804 4060 divinae
819 3997 933 4078 laqueis
946 3995 1143 4074 constringit,

95 4104 254 4173 totamque
269 4090 400 4151 domum
415 4094 530 4154 evertit
550 4090 613 4150 Cfr.
629 4089 803 4150 Herodotus
817 4088 874 4159 Vl,
896 4087 923 4146 8.
946 4086 988 4143 Ac
1009 4082 1149 4167 pmlecto

97 4197 261 4259 uunquam
275 4176 381 4238 fabula
393 4179 497 4261 alique
510 4180 574 4239 vim
587 4176 696 4238 babuit
708 4174 909 4237 efficaciorem
925 4173 1153 4265 certioremque·
