2820 5018
542 449 635 512 LlB.
661 449 691 527 l,
715 448 811 513 ΕΔΒ.
835 450 863 515 l.
1158 455 1221 522 333

175 590 243 672 Qui
254 612 403 679 possum,
417 613 544 680 quaeso,
558 591 681 669 facere,
696 590 787 680 quod
801 594 963 681 quereris,
976 596 1088 685 Lupe?

175 700 205 761 Δ
218 714 251 761 te
263 698 409 763 decurrit
419 697 461 762 ud
473 719 566 762 meos
577 697 714 763 haustus
726 699 845 788 liquor.

177 805 342 893 Repulsus
354 805 409 869 ille
420 805 566 869 veritatis
580 805 719 885 viribus,

176 972 214 1027 ni,
229 974 271 1018 nisi
285 973 350 1036 quod
361 989 383 1019 v.
397 974 425 1030 6,
441 978 528 1041 turtures
539 975 628 1037 legant,
641 974 706 1038 quod
717 974 747 1022 ad
758 986 863 1022 veterem
875 978 1011 1038 temptorum
1022 980 1119 1041 propius
1129 983 1224 1032 recedit.

177 1043 224 1091 Sed
229 1045 280 1105 jun
290 1043 346 1091 olim
357 1047 440 1092 llariut
452 1058 475 1093 et
487 1049 565 1093 Burm.
578 1046 711 1106 rejecerunt
723 1045 818 1093 Bentleii
826 1047 926 1093 obstent.
936 1049 1016 1109 longe
1029 1051 1090 1095 euim
1101 1066 1115 1096 ι
1126 1051 1181 1114 lupo
1192 1054 1228 1101 di·

177 1111 253 1159 stabnt
260 1128 348 1175 ugnus,
357 1130 401 1160 uec
410 1116 522 1177 impedire
531 1115 612 1178 lupum
621 1128 726 1178 poterut,
736 1132 784 1178 quo
794 1118 869 1162 minue
878 1117 975 1164 biberet.
986 1119 1081 1180 Neque,
1091 1120 1228 1169 observante

178 1186 327 1242 Bormanon,
340 1187 412 1233 rerba
427 1189 516 1244 Greci,
530 1183 600 1234 aeirerr
614 1184 684 1234 eiecit
696 1204 730 1249 μιι
745 1184 817 1235 turre
831 1191 882 1251 cepi
896 1201 993 1251 poscunt
1006 1190 1035 1237 de
1049 1207 1109 1250 ngtm
1123 1193 1228 1241 obstente

179 1257 236 1313 (eut
246 1255 361 1313 instante)
373 1255 416 1302 ted
423 1256 489 1319 quod
501 1256 657 1304 turbulentam
669 1257 755 1304 taciens
766 1273 863 1320 equum,
873 1273 922 1304 non
932 1262 1016 1306 uiueret
1027 1259 1090 1307 illum
1100 1261 1193 1320 bibere,
1203 1275 1230 1310 ut

179 1323 333 1385 penerebet,
346 1341 430 1388 equum
442 1341 534 1387 puram.
546 1326 662 1374 scheller.
677 1326 810 1374 lullemtnt.
824 1330 921 1375 Brotier.
934 1329 1059 1376 Detbillon.
1071 1330 1121 1386 ulii,
1133 1348 1183 1389 cur,
1195 1338 1231 1378 r'u·

178 1400 241 1458 quet,
257 1395 411 1443 mrbuieutuut
417 1397 498 1460 fecisti
514 1397 568 1444 milri
581 1401 673 1463 Aquom
686 1399 775 1445 bibenti.
790 1400 835 1445 Sed
848 1399 936 1447 molunt
949 1403 1020 1448 critici
1033 1405 1133 1450 retinere
1152 1407 1230 1462 ιἐιωιι,

180 1476 205 1511 et
215 1464 388 1529 subintelligere
399 1484 491 1531 uquam.
508 1469 660 1531 Cuninssbum.
674 1470 743 1532 legit:
757 1470 812 1525 Gur,
828 1472 912 1533 iuquit,
926 1469 1077 1517 turbulentam
1091 1471 1233 1536 mibifecr'str'

180 1551 266 1600 quent
279 1533 348 1582 lttltt'c
363 1536 460 1584 biberrtt?
473 1564 505 1576 -
519 1556 541 1602 7.
555 1555 655 1603 potrum.
669 1541 748 1585 lleins.
761 1543 854 1602 possim.
869 1565 900 1576 —
913 1539 936 1586 3.
950 1545 1058 1604 quereris.
1074 1542 1109 1587 ΑΙ.
1123 1559 1228 1606 querere,

181 1683 269 1738 solute
289 1697 315 1737 et
334 1686 458 1758 graphice
481 1710 531 1761 pro
553 1709 635 1760 agno,
658 1704 688 1743 ut
726 1688 1103 1759 ωιρῥιῖι.(3ἱ.11ιιιιιι.Ρ1ἰιι.
1120 1689 1230 1758 libili,

181 1765 302 1818 tartauu
315 1765 360 1817 lib.
376 1769 420 1833 Ν,
436 1769 489 1821 tub.
504 1771 554 1835 tx,
574 1787 619 1832 to;
635 1771 687 1822 lu-
727 1771 776 1840 Ep.
792 1787 839 1829 uo,
859 1767 1034 1840 «quidnmnd
1046 1787 1095 1819 nos
1110 1786 1230 1840 quoque,

180 1857 255 1897 trent
262 1841 308 1896 lib.
319 1848 350 1912 V,
360 1845 413 1897 feb.
426 1849 459 1915 X,
471 1868 496 1919 7,
506 1864 558 1901 etc.
568 1849 688 1902 Delecta-
728 1845 799 1898 velut
809 1847 856 1898 rivi
863 1865 895 1898 ex
901 1843 947 1896 illo
955 1846 1138 1916 benignissimo
1149 1849 1231 1915 fonte,

180 1936 227 1975 ιιιι
240 1926 309 1975 enim
325 1939 404 1996 poete
418 1928 535 1997 jucunda
552 1931 579 1980 in
596 1927 689 2000 appel·
729 1925 902 1977 decurrunt·
923 1954 960 1965 -
974 1925 1009 1975 ud
1027 1943 1096 1977 meos
1115 1925 1232 1995 haustus,

180 2003 267 2057 landis
280 2005 435 2060 animalibus
445 2011 584 2075 varietate,
599 2029 652 2082 quo
662 2011 689 2061 in
731 2006 764 2057 ad
782 2024 823 2057 me
842 2003 983 2056 bibentem.
1004 2005 1108 2056 Poetice
1124 2005 1231 2060 dictum.

179 2101 279 2154 flenere
294 2086 447 2159 Synonym'te
462 2089 500 2139 uti
510 2088 590 2155 solet,
606 2089 639 2141 ab
650 2102 690 2140 at·
730 2083 800 2136 Male
818 2096 936 2136 vertunt:
956 2103 988 2133 ru
1006 2085 1106 2135 meiuer
1122 2085 1232 2138 Triiulte.

181 2162 284 2216 tributo
297 2163 437 2232 desumus,
456 2167 482 2218 in
497 2186 588 2220 tensus
603 2169 691 2220 incur-
730 2161 1234 2236 Haecvoxenimnotatlocum,adquem

179 2255 267 2295 unte.
276 2274 312 2285 -
320 2244 434 2318 laniger
444 2265 494 2316 pro
509 2249 588 2299 triete
602 2248 691 2318 posuit
732 2241 852 2296 animalia
869 2243 1002 2294 ducuntur
1014 2241 1121 2294 bibendi
1133 2263 1232 2297 caussa.

181 2320 263 2373 ovid.
280 2323 342 2375 uter.
358 2325 419 2392 Vll,
435 2325 502 2392 312,
520 2340 585 2378 teste
603 2326 689 2378 Burm.
731 2320 825 2374 Melius
835 2321 984 2375 Ramlerns:
994 2340 1026 2373 tu
1035 2323 1146 2373 meiuem
1155 2324 1234 2374 Murr-

182 2399 263 2452 Adde
281 2401 350 2474 γη.
370 2405 428 2456 AEn.
448 2406 497 2472 ΙΙΙ,
514 2406 567 2459 660
583 2419 609 2459 et
622 2406 690 2472 642,
731 2403 770 2454 de.
780 2431 817 2443 -
826 2399 953 2473 [decurrit.
964 2402 1109 2453 Decurrere
1118 2414 1156 2453 est
1166 2402 1236 2454 deor·

181 2488 287 2531 eontra.
298 2481 430 2550 Vicissim,
446 2483 529 2536 utlib.
543 2487 576 2551 V,
588 2485 691 2552 fubX,
730 2480 1236 2552 rumeurrere,quodgraecedieuntu·
1321 2542 1325 2553 Ι

182 2580 218 2633 7,
229 2575 256 2615 et
265 2563 334 2632 Vtrg.
346 2563 402 2614 AEn.
415 2564 439 2629 l,
451 2566 493 2618 80.
502 2595 539 2604 -
548 2561 690 2638 [Bauium
730 2559 865 2630 ιινιρίχιιι,
877 2572 997 2630 utsupra
1010 2559 1173 2611 adnotatum.
1183 2559 1236 2611 Atl-

183 2640 295 2715 gallice‚
315 2641 339 2693 le
357 2643 530 2712 porte-luiue,
556 2644 691 2716 epitheton
732 2652 1023 2709 moneanturpraeterea
1037 2640 1148 2704 tirones,
1169 2658 1235 2708 prue-

183 2740 242 2775 non
261 2740 483 2793 supervacaneum
500 2735 577 2775 certe.
595 2724 661 2791 Quis
677 2742 692 2774 ιι
733 2721 857 2791 positioni
876 2720 907 2770 de
928 2716 1059 2769 interdum
1079 2717 1237 2789 respondere

184 2820 215 2855 ee
231 2801 341 2854 alienum
354 2803 480 2854 existimet
493 2801 562 2855 illiue
577 2801 693 2854 animulis
735 2800 773 2861 ie,
792 2797 923 2850 interdum
936 2795 1013 2858 terei,
1030 2811 1055 2848 et
1073 2799 1197 2868 insuper,
1211 2798 1239 2848 ie

185 2895 300 2948 nortem,
320 2885 394 2951 cujus
408 2879 468 2933 lane
486 2901 534 2934 nos
551 2884 642 2934 vestit?
659 2911 695 2922 -
734 2877 815 2929 modo
830 2875 989 2929 exclusivum
1003 2895 1072 2941 esse,
1086 2877 1166 2927 modo
1179 2897 1239 2948 par-

185 2972 294 3028 eontra,
315 2980 369 3012 uon
389 2961 516 3031 sipprilicat
534 2959 642 3033 gallice,
660 2981 695 3013 uu
735 2959 844 3008 titirum.

183 3041 330 3104 contraire,
340 3058 429 3090 verum
439 3041 470 3091 de
479 3060 525 3093 sou
535 3042 597 3092 cdte.
609 3039 659 3113 G.]
770 3055 795 3105 9.
807 3033 938 3106 Repulsus.
952 3031 1085 3103 depellere
1096 3045 1133 3083 est
1147 3034 1239 3102 rejice-

224 3136 250 3189 7.
261 3118 382 3171 Modestn
392 3119 515 3182 timentis,
525 3117 566 3170 rel
576 3119 695 3189 negantis
735 3134 778 3175 re;
791 3132 848 3185 quae
857 3112 911 3163 duo
923 3110 1001 3162 verba
1010 3113 1102 3180 juncta
1114 3111 1185 3162 vides
1196 3133 1237 3184 up.

184 3197 366 3271 exprobratio.
380 3196 531 3250 Tzselruclre.
547 3199 617 3248 Nota
629 3196 696 3266 figu-
735 3192 820 3244 Plaut.
838 3190 959 3242 Bacchid.
979 3191 1023 3253 lV,
1045 3191 1092 3254 ΙΙΙ,
1116 3206 1159 3258 19,
1180 3191 1241 3245 iiiuc

186 3298 262 3344 rem,
288 3297 366 3350 quum
392 3290 488 3329 vocant
517 3276 696 3348 periphrasin,
737 3293 795 3325 eum
806 3272 933 3345 epodictis
942 3270 1046 3322 malis...
1058 3269 1152 3342 repuli,
1163 3275 1241 3343 rejeci

187 3354 697 3431 quumresnonsuorerboappellatur,
738 3353 879 3405 homiuem.
899 3351 1003 3401 Hartm.
1029 3351 1067 3401 lle
1089 3351 1140 3402 hoc
1160 3352 1241 3405 verbo

189 3436 240 3491 sed
248 3434 367 3507 pluribus
378 3434 463 3487 verbis
474 3436 640 3506 exprimitur,
658 3433 698 3485 vel
738 3430 857 3503 pluribus
864 3432 916 3502 egit
923 3432 1009 3480 Burm.
1021 3429 1054 3480 ad
1063 3430 1138 3483 Ovid.
1150 3433 1212 3485 Met.
1222 3436 1242 3500 l,

190 3515 320 3587 eugendi,
330 3514 371 3568 vel
379 3512 513 3566 minuendi
522 3532 621 3565 caussa.
630 3515 699 3564 Nam
740 3510 799 3581 759.
813 3510 888 3562 Adde
904 3509 1049 3575 Gebh.111‚
1065 3512 1140 3581 Crep.
1157 3529 1245 3565 10...-

188 3596 300 3668 proprie
314 3613 396 3666 ugnus
409 3593 496 3645 dicere
511 3591 638 3645 debebat:
654 3596 698 3666 qui
741 3587 888 3661 [depellere
895 3628 904 3653 ‚
914 3607 967 3639 non
978 3601 1016 3639 est
1026 3591 1140 3660 rejicere,
1151 3605 1180 3642 ut
1189 3592 1244 3644 vult

189 3693 301 3748 possum
308 3694 404 3747 uquam
412 3671 588 3725 turbulentum
597 3673 700 3725 fucere?
740 3670 778 3721 Cl.
793 3669 909 3721 Schwub.
925 3670 1040 3738 Rejicerc
1054 3683 1092 3721 cst
1107 3672 1146 3722 vel
1160 3688 1243 3739 retro,

189 3752 222 3805 id
233 3752 304 3826 qnod
311 3752 389 3824 louge
397 3752 522 3805 audacius
530 3752 629 3805 dictum
639 3753 701 3804 fuis·
740 3747 780 3801 vel
792 3751 885 3802 iterum
899 3747 1039 3819 (monente
1053 3753 1194 3824 contextu)
1204 3755 1246 3822 ja-

190 3847 243 3889 eet.
257 3834 317 3884 Non
329 3846 400 3884 recte
412 3832 489 3901 igitur
503 3831 625 3904 quidum:
644 3830 700 3883 Uu-
742 3848 817 3881 cere:
836 3828 975 3901 repellere,
995 3843 1033 3881 est
1047 3828 1144 3900 pellere
1160 3846 1244 3899 retro,

190 3911 312 3989 mdplielt
324 3911 394 3963 lturm
404 3911 446 3961 iclt
456 3912 513 3975 dus,
527 3909 614 3977 Wolf,
630 3907 702 3982 quod
741 3908 887 3961 veliterutis
895 3908 997 3961 ictibus.
1009 3910 1074 3976 Qute
1081 3910 1185 3980 quidem
1192 3910 1245 3963 duo

193 3994 232 4047 ab
241 3991 295 4043 hoc
304 3989 365 4042 loco
377 4004 415 4043 est
427 3989 549 4043 alienum.
562 3989 620 4042 Vid.
632 3992 663 4043 A.
675 3989 700 4042 d.
743 3991 791 4041 etsi
804 4009 858 4041 non
872 3989 947 4041 valde
959 3989 1121 4059 discrepent,
1136 4008 1248 4062 synony-

194 4075 225 4127 Β.
237 4073 268 4122 Τ.
281 4069 330 4140 49,
339 4089 366 4141 p.
377 4069 438 4135 488.
743 4088 785 4120 ma
793 4081 881 4120 temen
889 4086 942 4119 non
950 4080 1011 4120 sunt
1019 4065 1183 4139 appellanda.
1193 4072 1245 4136 Qui

235 4151 262 4202 8.
273 4148 390 4199 decurrit.
401 4151 546 4201 Decurrere
558 4161 610 4212 est,
627 4148 703 4199 deor·
744 4152 812 4200 enim
820 4147 906 4219 pellit,
915 4148 1047 4218 nonjacit.
1055 4145 1135 4212 Quod
1143 4145 1246 4217 quidem

194 4247 257 4284 tum
277 4244 394 4293 currere,
412 4246 450 4297 gr.
471 4224 637 4296 κατωρίχιιι,
657 4245 704 4281 seu
743 4225 884 4278 discrimen
899 4228 1043 4297 presertim
1057 4225 1109 4277 boc
1128 4227 1247 4299 exemplu
