2820 5018
467 477 532 539 AD
554 474 646 537 LlB.
672 473 686 534 1
711 474 805 535 FAB.
830 471 929 536 XVI.
1158 474 1217 536 521

175 610 290 674 helen?
303 611 469 674 Wiirtlich:
488 635 579 672 wcnn
595 613 646 672 cin
662 614 806 691 Betriigcr
822 611 938 692 bergen
956 611 1034 687 will,
1051 612 1116 673 und
1132 615 1223 672 einen

176 700 295 760 andern
307 700 351 760 als
363 704 483 781 Burgen
496 698 591 773 stellt,
604 719 637 757 so
652 696 760 756 willer
774 696 860 756 nicht
871 697 925 756 das
938 695 1082 757 Geschaft
1092 720 1129 757 zu
1142 699 1224 757 Stan-

176 789 214 849 de
229 790 359 871 bringeri
373 794 452 868 (uon
462 812 520 849 rem
531 787 662 870 expedire
672 788 806 868 expetit),
822 786 956 846 sondern
970 808 1002 845 er
1018 786 1079 868 legt
1095 809 1124 846 es
1140 785 1224 845 recht

176 877 290 938 darauf
306 901 346 938 an
367 879 504 960 (expetit)
522 899 552 937 es
571 875 703 937 schlecht
726 897 762 933 zu
785 876 934 955 besorgen
952 874 1049 954 (male
1067 875 1224 956 expedire).

176 966 309 1043 (Auctor
329 967 457 1024 scribere
472 962 588 1037 voluit,
611 961 687 1021 mule
706 961 825 1039 videre),
845 963 883 1020 So
905 960 996 1020 licisst
1017 984 1075 1020 rem
1096 959 1226 1042 expedire

177 1053 268 1135 beyn]
284 1056 344 1115 Cic.
359 1055 397 1113 ad
412 1057 470 1113 Att.
486 1055 542 1127 XI,
560 1055 609 1126 18,
623 1051 687 1110 und
703 1053 786 1109 Brut.
799 1049 837 1126 la
849 1097 857 1126 ,
870 1054 916 1109 ein
929 1049 1066 1134 Geseltiijl
1077 1050 1224 1130 besoryen,

178 1164 214 1201 zu
229 1143 339 1202 Stande
353 1141 487 1222 liriuqen,
504 1140 567 1198 und
586 1141 700 1221 nepotiu
715 1138 822 1211 videre,
839 1142 933 1199 (licor.
946 1138 984 1197 ad
1000 1139 1069 1197 Div.
1082 1140 1154 1211 Vll,
1171 1158 1224 1209 20,

178 1229 254 1291 nach
267 1239 360 1291 ciuem
373 1228 523 1312 Gescltiifle
531 1229 629 1302 selaeu,
642 1228 716 1287 oder
725 1227 852 1287 dusselde
865 1228 1009 1310 besorqen.
1022 1254 1035 1283 u
1047 1230 1123 1304 Quae
1135 1230 1226 1287 inter·

178 1322 306 1401 pretatio
321 1320 411 1379 ctiam
425 1317 563 1399 displicet
577 1319 704 1377 Censori
719 1316 840 1376 erudito
855 1321 888 1377 in
903 1320 937 1376 A.
951 1319 985 1376 L.
998 1317 1029 1375 Z.
1044 1337 1118 1376 ann.
1138 1337 1227 1396 1799,

178 1409 289 1469 Partic.
310 1410 384 1483 350,
404 1430 473 1490 pag·
492 1408 558 1466 301,
577 1407 638 1464 Nec
660 1408 824 1464 immerite.
842 1407 921 1465 Narn
940 1420 975 1464 ut
992 1407 1132 1464 omittam
1151 1405 1227 1480 alia,

180 1497 222 1570 is,
239 1498 288 1555 cui
304 1517 370 1555 non
386 1510 430 1555 cst
446 1495 520 1554 fides
536 1494 667 1574 (Credit)
683 1494 765 1575 apud
784 1493 877 1567 alios,
895 1495 945 1551 vix
960 1492 1018 1552 dici
1036 1507 1133 1575 potest
1141 1497 1228 1576 frent·

180 1582 274 1642 dator.
817 1636 819 1644 ,

220 1671 298 1731 Mihi
315 1672 438 1752 quidem
457 1692 633 1754 persuasum
651 1685 710 1746 est,
732 1693 853 1731 sensum
870 1669 962 1753 hujus
979 1669 1148 1752 promytlrii
1163 1693 1228 1731 nou

178 1781 241 1820 esse
254 1757 368 1835 aliurn,
384 1782 477 1840 quarn
492 1782 580 1835 eum,
595 1781 688 1841 quem
702 1780 793 1840 supra
808 1762 839 1817 in
855 1760 939 1818 Notis
952 1759 989 1817 ad
1003 1757 1033 1817 h.
1049 1759 1068 1817 l.
1085 1759 1227 1818 indicavi.

178 1847 226 1906 sic
240 1847 411 1906 intellexere
425 1848 549 1929 plurimi
563 1850 748 1929 interpretes.
762 1846 853 1922 Quod
866 1849 890 1905 si
902 1845 1229 1929 admittatur,fraudu·

179 1947 225 1995 tor
235 1956 300 1994 non
313 1939 379 2018 capi
393 1951 491 2019 potest
504 1958 561 2018 pro
574 1957 730 2018 sponsore.
744 1936 852 1995 Censet
866 1939 957 1995 ctiam
970 1933 1230 2012 Schirachius(1),

180 2022 241 2082 dici
251 2025 328 2082 vira
344 2023 474 2084 Phatdro
489 2027 639 2107 potuisse:
653 2046 756 2107 sponsu
770 2024 898 2105 improbo
910 2023 1068 2083 fraudator
1080 2043 1168 2102 quuru
1178 2042 1230 2080 no·

181 2132 249 2170 men
263 2110 345 2171 locet.
360 2114 430 2189 Quo
443 2117 526 2172 enirn
543 2113 639 2172 illud?
652 2134 750 2194 quurn
765 2112 802 2171 de
816 2113 979 2194 sponsione
993 2109 1128 2190 maligna
1140 2122 1231 2189 atque

180 2200 289 2260 dolosa
306 2201 410 2262 nullus
426 2224 525 2262 senno
547 2204 585 2261 sit
604 2204 636 2260 in
656 2215 719 2262 tota
739 2200 853 2260 fabula.
869 2200 1069 2262 Tzschuclrius
1087 2197 1229 2279 conjicit:

173 2290 336 2376 fraudator
353 2315 459 2351 nornen
477 2315 566 2374 qttum
586 2306 669 2351 uocat
688 2313 821 2372 sponsum
843 2289 1020 2372 improbum,
1045 2292 1104 2365 ita,
1125 2302 1160 2347 ut
1181 2291 1232 2346 im·

180 2376 303 2459 probum
320 2377 525 2459 conjungatur
542 2400 612 2437 cum
630 2391 726 2451 vocat,
753 2392 782 2437 et
798 2400 904 2438 nomeu
920 2400 990 2438 curn
1006 2399 1151 2458 ¹sponsum.
1175 2375 1231 2434 Sed

182 2467 225 2526 sic
239 2471 426 2527 constructio
441 2470 534 2527 nimis
550 2468 708 2540 turbatur,
726 2480 803 2527 recte
818 2467 997 2527 observante
1014 2469 1145 2527 Censore
1160 2465 1232 2525 doc·

181 2567 215 2612 to
231 2555 286 2633 (a),
303 2557 356 2636 qui
374 2555 446 2614 huic
461 2555 531 2615 loco
546 2556 587 2614 sic
601 2554 700 2614 studet
715 2554 847 2628 mederi,
863 2568 897 2613 ut
914 2557 1041 2614 retineat
1057 2553 1232 2632 vulgatam,

182 2642 242 2701 nisi
256 2643 340 2723 quod
353 2665 426 2703 vers.
442 2665 476 2717 2,
494 2645 526 2702 in
541 2641 603 2701 fine
621 2644 699 2723 legat
713 2642 840 2724 expedit,
856 2642 939 2723 quod
955 2656 998 2701 est
1012 2645 1044 2701 in
1059 2642 1134 2700 Cod.
1151 2640 1229 2700 Pitlr.

180 2751 240 2812 pro
252 2735 369 2812 expetit,
383 2731 441 2791 hoc
451 2753 558 2791 sensu:
573 2735 672 2791 Weun
683 2734 731 2789 eiu
740 2729 962 2811 BettiiqerGeld
972 2729 1147 2814 arefrreltmeu
1156 2728 1231 2802 will,

182 2818 250 2876 und
256 2821 341 2877 einen
354 2818 578 2901 detuiperisclreu
592 2825 708 2901 Biirqeu
717 2819 803 2893 stellt,
816 2819 897 2877 claim
911 2823 1022 2879 tuiirees
1032 2816 1230 2898 selrruulluq,

183 2908 245 2963 seiu
260 2903 335 2963 Gelil
347 2905 555 2979 hierusalim,-
570 2906 638 2987 llup
654 2906 791 2966 vieltneltr
805 2910 839 2965 ist
855 2929 898 2980 es,
914 2907 970 2966 deu
986 2912 1092 2986 Belntq
1108 2928 1142 2963 zu
1156 2926 1231 2962 mer·

183 2992 257 3066 lecu,
275 2991 333 3052 siclt
351 3015 402 3052 vor
416 2994 549 3055 Seltaden
566 2997 628 3054 urrd
643 2995 754 3078 Gefalir
767 3018 804 3053 zu
820 2993 917 3053 liiiten.
935 2996 1006 3052 Jarn
1021 2993 1096 3051 olim
1113 2990 1232 3052 Gndius

185 3104 260 3142 vers.
284 3103 318 3155 2,
338 3082 375 3141 ad
398 3084 576 3144 creditorem
594 3083 750 3158 trahebat,
772 3082 872 3162 legens
887 3081 1015 3164 caudit,
1035 3101 1092 3162 pro
1112 3083 1232 3160 expetit,

185 3172 272 3250 quasi
292 3172 434 3232 creditori
451 3194 516 3232 non
535 3173 608 3232 utile
628 3186 718 3246 esset,
736 3172 873 3254 expedire
890 3172 1067 3253 pecuniam,
1082 3171 1101 3228 i.
1118 3190 1143 3227 e.
1160 3168 1233 3229 dare

185 3274 326 3320 misniam
344 3261 531 3335 fraudatori,
553 3282 699 3344 sponsore
715 3261 868 3343 improbo.
890 3260 944 3320 Sed
964 3280 1028 3318 non
1048 3260 1113 3317 sinc
1128 3264 1233 3318 caussa

186 3347 295 3407 accedo
311 3349 383 3406 viris
399 3348 512 3423 doctis,
529 3349 709 3408 Burnranno
723 3365 752 3408 et
765 3347 873 3407 Beckio
886 3350 922 3406 V.
938 3348 971 3405 C.
984 3348 1038 3426 (3),
1051 3347 1162 3426 quibus
1174 3345 1232 3405 dis-

184 3435 278 3517 plicet
291 3436 410 3516 ingrata
426 3436 479 3494 illa
496 3435 578 3495 verbi
595 3436 706 3517 expedit
722 3436 871 3516 repetitio.
889 3433 1079 3515 lncleganter
1095 3434 1232 3516 profecto

185 3524 306 3585 dixisset
323 3524 486 3599 Phaedrus,
504 3547 561 3584 rem
577 3526 707 3607 expedire
724 3546 789 3584 non
803 3525 915 3605 expedit
921 3549 933 3597 ,-
945 3527 998 3583 etsi
1014 3525 1116 3583 Gudio
1132 3525 1164 3583 in
1179 3546 1233 3583 na-

186 3614 249 3670 tiva
264 3611 354 3694 hujus
368 3613 452 3672 verbi
467 3610 690 3693 significatione
705 3612 808 3672 lusisse
819 3612 988 3671 videbatur.
1002 3612 1119 3671 Placuit
1130 3626 1232 3671 tarnen

187 3699 254 3760 haec
266 3700 353 3763 lectio
365 3705 553 3786 Bipontinis,
572 3704 625 3785 qui
639 3702 721 3763 hunc
735 3703 837 3762 locum
857 3704 897 3761 ita
917 3703 1125 3762 constituunt:
1145 3707 1234 3759 Fruu-

190 3788 274 3848 dator
295 3789 422 3851 homiues
443 3815 532 3872 quum
553 3792 645 3852 aditet
668 3814 799 3874 sporuore
820 3791 961 3873 improbo,
984 3813 1042 3850 uou
1066 3812 1124 3849 rem
1149 3811 1232 3870 expe·

190 3877 264 3951 dire,
286 3878 335 3937 sed
356 3880 437 3939 mala
460 3881 553 3942 videre
573 3880 694 3964 etpedit.
718 3882 775 3942 Cui
802 3880 925 3940 lectioni
953 3881 1006 3938 etsi
1035 3878 1136 3938 favent
1163 3876 1233 3936 libri

225 4085 264 4155 (1)
275 4081 346 4134 Clav.
358 4086 385 4135 l’.
396 4086 420 4151 l,
432 4106 459 4157 p.
475 4087 531 4155 ¹l3·

225 4162 328 4230 (ovid.
340 4165 371 4213 A.
384 4165 411 4214 L.
422 4166 448 4215 Z.
460 4186 520 4218 ann.
537 4185 615 4238 1791,
626 4183 688 4220 tom.
702 4171 726 4234 l,
737 4190 762 4239 p.
775 4171 816 4239 87.

225 4242 263 4314 (3)
275 4243 314 4296 lle
325 4246 459 4316 interpret.
468 4249 535 4299 Vett.
549 4268 574 4319 p.
590 4248 630 4300 ⁸6.
