2820 5018
288 733 795 864 DISPUTATIO
839 736 1107 860 PRIMA

197 1065 431 1163 FRANC.
460 1062 736 1161 JOSEPHI
767 982 1196 1165 DESBILLONS.

441 1364 517 1440 DE
547 1364 686 1441 VITA
713 1364 955 1442 PHAEDRI.

177 1893 304 1978 Vrrau
313 1916 448 1994 Phaedri,
458 1940 552 2001 wem
561 1941 646 1980 anno
656 1921 749 1982 seculi
760 1924 899 2004 proxime
907 1922 1118 2005 elapsi(seculi
1127 1924 1227 2004 xvll)

175 2009 366 2087 sexagesimo
385 2009 477 2067 tertio
499 2010 656 2068 contexuit
674 2011 812 2069 loannes
829 2010 1035 2087 Scurrreuus,
1050 2023 1080 2071 et
1097 2010 1226 2070 editioni

178 2115 241 2154 suae
261 2094 404 2175 prefixit,
425 2095 477 2155 alii
496 2095 608 2156 deinde
627 2096 800 2178 complures
817 2096 900 2156 ultro
917 2111 1088 2180 susceptam
1104 2097 1227 2178 evulga-

180 2197 263 2244 runt.
274 2183 364 2243 Illam
377 2199 496 2260 autem,
508 2185 704 2247 assuetudine
714 2185 864 2246 lectorum
876 2186 1038 2262 diuturna,
1048 2184 1227 2254 homiuum·

177 2295 240 2354 que
258 2276 352 2334 etiarn
372 2277 564 2337 eruditorum
583 2276 739 2358 suffragiis
760 2279 1014 2360 comprobatam,
1035 2277 1121 2360 quod
1144 2297 1229 2337 nuuc

179 2365 368 2445 respuimus,
387 2363 451 2425 hec
465 2380 543 2425 certe
556 2387 655 2447 neque
668 2379 713 2426 est
726 2379 832 2426 nostra
844 2363 1033 2429 confidentia
1051 2366 1156 2447 aliqua
1170 2365 1229 2424 im·

179 2466 333 2533 portuna,
350 2473 449 2532 neque
465 2452 548 2511 mala
563 2451 795 2514 contradicendi
812 2452 970 2526 voluntas,
988 2466 1019 2512 at
1035 2453 1153 2513 sincera
1166 2451 1230 2512 veri

180 2541 349 2621 persuasio.
369 2539 539 2600 Scheflerus
558 2543 658 2615 enim,
677 2555 881 2622 praeterquam
900 2539 985 2622 quod
1004 2541 1127 2601 inutilia
1148 2558 1229 2622 quae·

181 2627 256 2686 doru
267 2628 431 2706 congessit,
443 2641 473 2686 et
485 2628 545 2686 alia
556 2628 697 2708 quaedam
709 2641 882 2688 memoratu
892 2626 987 2707 digua
999 2628 1048 2687 vel
1060 2648 1126 2689 non
1138 2627 1230 2701 vidit,

181 2714 229 2772 vel
245 2714 391 2795 neglexit,
405 2715 437 2772 in
450 2715 549 2795 patria
562 2715 655 2773 etiam
668 2715 804 2774 Auctoris
818 2715 916 2774 nostri
931 2713 1139 2795 dignoscenda
1150 2714 1230 2788 allu-

184 2806 303 2864 cinatus
321 2818 382 2876 cst;
401 2817 455 2863 aut
471 2806 574 2886 potius
594 2804 695 2864 lucem
713 2805 848 2864 veritatis
864 2805 1059 2885 aliquatenus
1079 2819 1231 2886 repertam

186 2895 401 2968 interturbare,
421 2907 451 2953 et
469 2915 569 2953 errare
587 2914 659 2954 cum
680 2894 765 2969 aliis,
783 2896 925 2976 quiante
945 2895 1048 2976 ipsum
1066 2893 1123 2954 hac
1143 2893 1181 2953 dc
1199 2914 1232 2954 re

183 2981 382 3062 scripserunt,
398 2982 540 3041 maluisse
556 2981 685 3041 videtur.
706 2984 903 3064 Quapropter
920 2981 1040 3063 aliquid
1057 2980 1169 3063 paulo,
1186 2981 1233 3039 uti

183 3092 356 3152 speramus,
373 3072 550 3152 diligentius
569 3072 752 3152 inquisitum
767 3084 797 3131 et
810 3070 981 3131 accuratius
994 3069 1182 3150 descriptum
1198 3070 1233 3128 in
1255 3106 1260 3115 ·

181 3160 243 3221 hac
260 3163 347 3221 omni
364 3163 492 3220 materia
510 3160 725 3242 pertractanda
744 3162 769 3220 si
790 3159 1026 3243 protulerimus,
1045 3177 1145 3241 operae
1166 3179 1233 3241 pre·

183 3252 264 3310 tium
274 3272 333 3311 nos
345 3272 407 3311 esse
418 3250 554 3310 facturos
567 3250 763 3310 arbitramur.

222 3339 314 3420 Apud
332 3340 492 3420 scriptores
511 3351 624 3399 veteres
642 3359 764 3412 omnes,
784 3338 809 3397 si
827 3337 1005 3398 Martialem
1022 3348 1052 3395 ct
1067 3338 1235 3409 Avienum,

184 3427 231 3485 rel
243 3429 347 3508 potius
357 3429 524 3501 Avienuru,
538 3428 704 3508 exceperis,
719 3426 817 3487 altum
832 3425 950 3506 ubique
969 3425 1006 3485 de
1018 3427 1152 3486 Auctore
1167 3444 1237 3485 nos·

184 3528 231 3574 tro
248 3517 416 3575 silentium.
436 3517 476 3574 Ac
495 3514 646 3576 Martialis
660 3515 800 3595 quidem,
819 3517 854 3575 L.
869 3516 928 3588 lll,
941 3514 1046 3596 Epigr.
1059 3534 1113 3587 ao,
1129 3533 1236 3594 quem·

185 3605 256 3666 dam
268 3607 402 3666 Canium
416 3603 532 3664 Rufum
546 3626 735 3679 memorans,
752 3605 794 3664 ita
808 3604 1008 3687 pronuntiat:

328 3729 369 3779 An
378 3727 512 3782 emulatur
521 3729 634 3803 improbi
641 3731 718 3800 jocos
726 3727 844 3781 Phaedril

187 3846 323 3904 avulsos
338 3858 455 3918 autem,
473 3842 650 3904 fabularum
665 3844 757 3926 elegis
769 3842 906 3904 versibus
918 3859 1129 3925 expressarum
1144 3836 1236 3919 scrip·

186 3948 234 3993 tor
246 3933 385 3993 inficetas
394 3934 434 4014 (r)
446 3955 480 3992 ac
495 3956 592 4017 prope
605 3935 771 4008 barbarus,
784 3934 818 3994 in
830 3930 1012 4016 praefatioue
1024 3929 1066 3989 sic
1077 3927 1217 4008 loquitur
1228 3947 1235 3981 :
1270 3936 1271 3939 ’

220 4147 259 4216 (1)
276 4149 359 4217 Hujus
373 4161 459 4203 temen
472 4152 593 4210 Auctoris
609 4151 689 4204 editio
729 4150 907 4224 prodiit,cum
915 4140 1236 4202 notescetdiseertetio·

187 4226 322 4297 splendida
336 4229 522 4285 amstelodami
536 4250 606 4283 anuo
624 4233 687 4304 1731
731 4251 765 4289 ue
774 4231 879 4286 lleurioi
885 4225 1066 4298 Cauueflieteri
1074 4219 1232 4276 dwtiuhue·
