<?xml version="1.0" encoding="UTF-8"?>
<!DOCTYPE html PUBLIC "-//W3C//DTD XHTML 1.0 Transitional//EN"
    "http://www.w3.org/TR/xhtml1/DTD/xhtml1-transitional.dtd">
<html xmlns="http://www.w3.org/1999/xhtml" xml:lang="en" lang="en">
 <head>
  <title>
</title>
<meta http-equiv="Content-Type" content="text/html;charset=utf-8" />
  <meta name='ocr-system' content='tesseract 3.04.00' />
  <meta name='ocr-capabilities' content='ocr_page ocr_carea ocr_par ocr_line ocrx_word'/>
</head>
<body>
  <div class='ocr_page' id='page_1' title='image "./phdrifabularums00jacogoog_0294.png"; bbox 0 0 2820 5018; ppageno 0'>
   <div class='ocr_carea' id='block_1_1' title="bbox 307 461 1222 568">
    <p class='ocr_par' dir='ltr' id='par_1_1' title="bbox 307 461 1222 568">
     <span class='ocr_line' id='line_1_1' title="bbox 307 461 1222 568; baseline 0.016 -38"><span class='ocrx_word' id='word_1_1' title='bbox 307 464 560 548; x_wconf 77' lang='lat' dir='ltr'>surrourr.</span> <span class='ocrx_word' id='word_1_2' title='bbox 584 461 765 529; x_wconf 75' lang='lat' dir='ltr'>scama.</span> <span class='ocrx_word' id='word_1_3' title='bbox 790 463 1090 539; x_wconf 79' lang='lat' dir='ltr'>msrummo.</span> <span class='ocrx_word' id='word_1_4' title='bbox 1157 479 1222 568; x_wconf 77' lang='lat'>273</span> 
     </span>
    </p>
   </div>
   <div class='ocr_carea' id='block_1_2' title="bbox 162 607 1345 3971">
    <p class='ocr_par' dir='ltr' id='par_1_2' title="bbox 162 607 1345 3971">
     <span class='ocr_line' id='line_1_2' title="bbox 175 607 1228 694; baseline 0.007 -26"><span class='ocrx_word' id='word_1_5' title='bbox 175 621 260 668; x_wconf 76' lang='lat' dir='ltr'>intra</span> <span class='ocrx_word' id='word_1_6' title='bbox 276 609 303 667; x_wconf 89' lang='lat' dir='ltr'>V</span> <span class='ocrx_word' id='word_1_7' title='bbox 319 621 349 668; x_wconf 89' lang='lat' dir='ltr'>et</span> <span class='ocrx_word' id='word_1_8' title='bbox 365 609 392 666; x_wconf 88' lang='lat' dir='ltr'>X</span> <span class='ocrx_word' id='word_1_9' title='bbox 407 630 425 668; x_wconf 93' lang='lat' dir='ltr'>a</span> <span class='ocrx_word' id='word_1_10' title='bbox 439 609 471 667; x_wconf 90' lang='lat' dir='ltr'>C.</span> <span class='ocrx_word' id='word_1_11' title='bbox 483 608 521 666; x_wconf 86' lang='lat' dir='ltr'>N.</span> <span class='ocrx_word' id='word_1_12' title='bbox 536 607 683 667; x_wconf 83' lang='lat' dir='ltr'>saeculum</span> <span class='ocrx_word' id='word_1_13' title='bbox 694 608 800 668; x_wconf 84' lang='lat' dir='ltr'>litteris</span> <span class='ocrx_word' id='word_1_14' title='bbox 811 611 1066 694; x_wconf 76' lang='lat' dir='ltr'>consignatas(r).</span> <span class='ocrx_word' id='word_1_15' title='bbox 1081 617 1127 680; x_wconf 81' lang='lat' dir='ltr'>De</span> <span class='ocrx_word' id='word_1_16' title='bbox 1137 635 1228 684; x_wconf 66' lang='lat' dir='ltr'>oetate</span> 
     </span>
     <span class='ocr_line' id='line_1_3' title="bbox 177 696 1229 791; baseline 0.004 -33"><span class='ocrx_word' id='word_1_17' title='bbox 177 697 300 758; x_wconf 87' lang='lat' dir='ltr'>Codicis</span> <span class='ocrx_word' id='word_1_18' title='bbox 318 698 489 770; x_wconf 84' lang='lat' dir='ltr'>Remensis,</span> <span class='ocrx_word' id='word_1_19' title='bbox 507 696 682 776; x_wconf 80' lang='lat' dir='ltr'><strong>quingentis</strong></span> <span class='ocrx_word' id='word_1_20' title='bbox 699 698 788 756; x_wconf 91' lang='lat' dir='ltr'>annis</span> <span class='ocrx_word' id='word_1_21' title='bbox 801 712 873 757; x_wconf 85' lang='lat' dir='ltr'>ante</span> <span class='ocrx_word' id='word_1_22' title='bbox 888 702 1043 761; x_wconf 89' lang='lat' dir='ltr'>Perottum</span> <span class='ocrx_word' id='word_1_23' title='bbox 1061 711 1163 791; x_wconf 81' lang='lat' dir='ltr'>scripti</span> <span class='ocrx_word' id='word_1_24' title='bbox 1172 715 1229 791; x_wconf 56' lang='lat'>(2),</span> 
     </span>
     <span class='ocr_line' id='line_1_4' title="bbox 176 782 1231 870; baseline 0.007 -24"><span class='ocrx_word' id='word_1_25' title='bbox 176 806 273 868; x_wconf 90' lang='lat' dir='ltr'>supra</span> <span class='ocrx_word' id='word_1_26' title='bbox 283 786 425 845; x_wconf 84' lang='lat' dir='ltr'>vidimus.</span> <span class='ocrx_word' id='word_1_27' title='bbox 438 785 483 843; x_wconf 89' lang='lat' dir='ltr'>Ex</span> <span class='ocrx_word' id='word_1_28' title='bbox 495 804 557 864; x_wconf 92' lang='lat' dir='ltr'>quo</span> <span class='ocrx_word' id='word_1_29' title='bbox 571 782 768 864; x_wconf 79' lang='lat' dir='ltr'>intelligitur,</span> <span class='ocrx_word' id='word_1_30' title='bbox 782 785 833 845; x_wconf 85' lang='lat' dir='ltr'>vix</span> <span class='ocrx_word' id='word_1_31' title='bbox 844 786 980 847; x_wconf 83' lang='lat' dir='ltr'>dubitari</span> <span class='ocrx_word' id='word_1_32' title='bbox 992 810 1092 870; x_wconf 90' lang='lat' dir='ltr'>posse,</span> <span class='ocrx_word' id='word_1_33' title='bbox 1106 799 1231 863; x_wconf 64' lang='lat' dir='ltr'>Codices</span> 
     </span>
     <span class='ocr_line' id='line_1_5' title="bbox 177 868 1232 954; baseline 0.008 -22"><span class='ocrx_word' id='word_1_34' title='bbox 177 871 302 932; x_wconf 81' lang='lat' dir='ltr'>Phaedri</span> <span class='ocrx_word' id='word_1_35' title='bbox 314 872 395 932; x_wconf 78' lang='lat' dir='ltr'>MSS.</span> <span class='ocrx_word' id='word_1_36' title='bbox 410 872 541 930; x_wconf 82' lang='lat' dir='ltr'>maxime</span> <span class='ocrx_word' id='word_1_37' title='bbox 553 868 765 945; x_wconf 86' lang='lat' dir='ltr'>Pithoeanum,</span> <span class='ocrx_word' id='word_1_38' title='bbox 776 891 842 931; x_wconf 88' lang='lat' dir='ltr'>esse</span> <span class='ocrx_word' id='word_1_39' title='bbox 856 887 1059 954; x_wconf 86' lang='lat' dir='ltr'>pervetustos,</span> <span class='ocrx_word' id='word_1_40' title='bbox 1073 897 1152 945; x_wconf 82' lang='lat' dir='ltr'>certe</span> <span class='ocrx_word' id='word_1_41' title='bbox 1165 888 1232 949; x_wconf 80' lang='lat' dir='ltr'>Nic,</span> 
     </span>
     <span class='ocr_line' id='line_1_6' title="bbox 178 959 1234 1039; baseline 0.017 -18"><span class='ocrx_word' id='word_1_42' title='bbox 178 962 307 1022; x_wconf 88' lang='lat' dir='ltr'>Perotto</span> <span class='ocrx_word' id='word_1_43' title='bbox 321 963 509 1022; x_wconf 80' lang='lat' dir='ltr'>venistiores.</span> <span class='ocrx_word' id='word_1_44' title='bbox 526 959 692 1020; x_wconf 88' lang='lat' dir='ltr'>Librorum</span> <span class='ocrx_word' id='word_1_45' title='bbox 706 961 790 1020; x_wconf 90' lang='lat' dir='ltr'>enim</span> <span class='ocrx_word' id='word_1_46' title='bbox 805 964 923 1022; x_wconf 86' lang='lat' dir='ltr'>novitas</span> <span class='ocrx_word' id='word_1_47' title='bbox 938 964 1070 1028; x_wconf 90' lang='lat' dir='ltr'>debebat</span> <span class='ocrx_word' id='word_1_48' title='bbox 1083 972 1116 1030; x_wconf 89' lang='lat' dir='ltr'>in</span> <span class='ocrx_word' id='word_1_49' title='bbox 1127 976 1234 1039; x_wconf 91' lang='lat' dir='ltr'>oculos</span> 
     </span>
     <span class='ocr_line' id='line_1_7' title="bbox 180 1047 1235 1132; baseline 0.017 -23"><span class='ocrx_word' id='word_1_50' title='bbox 180 1051 338 1110; x_wconf 81' lang='lat' dir='ltr'>incurrere</span> <span class='ocrx_word' id='word_1_51' title='bbox 354 1049 427 1108; x_wconf 85' lang='lat' dir='ltr'>viris</span> <span class='ocrx_word' id='word_1_52' title='bbox 442 1047 668 1121; x_wconf 81' lang='lat' dir='ltr'>eruditissimis,</span> <span class='ocrx_word' id='word_1_53' title='bbox 688 1047 925 1131; x_wconf 76' lang='lat' dir='ltr'>Palaeographiae</span> <span class='ocrx_word' id='word_1_54' title='bbox 944 1056 1061 1132; x_wconf 84' lang='lat' dir='ltr'>gnaris,</span> <span class='ocrx_word' id='word_1_55' title='bbox 1080 1062 1104 1118; x_wconf 88' lang='lat' dir='ltr'>si</span> <span class='ocrx_word' id='word_1_56' title='bbox 1121 1062 1235 1126; x_wconf 88' lang='lat' dir='ltr'>Perotti</span> 
     </span>
     <span class='ocr_line' id='line_1_8' title="bbox 182 1136 1238 1224; baseline 0.008 -26"><span class='ocrx_word' id='word_1_57' title='bbox 182 1151 275 1198; x_wconf 74' lang='lat' dir='ltr'>etate</span> <span class='ocrx_word' id='word_1_58' title='bbox 288 1139 391 1220; x_wconf 86' lang='lat' dir='ltr'>scripti</span> <span class='ocrx_word' id='word_1_59' title='bbox 403 1136 557 1215; x_wconf 86' lang='lat' dir='ltr'>essent(3).</span> <span class='ocrx_word' id='word_1_60' title='bbox 566 1138 665 1218; x_wconf 81' lang='lat' dir='ltr'>Atque</span> <span class='ocrx_word' id='word_1_61' title='bbox 675 1138 779 1212; x_wconf 90' lang='lat' dir='ltr'>etiam,</span> <span class='ocrx_word' id='word_1_62' title='bbox 788 1159 887 1218; x_wconf 90' lang='lat' dir='ltr'>quum</span> <span class='ocrx_word' id='word_1_63' title='bbox 899 1140 957 1198; x_wconf 82' lang='lat' dir='ltr'>viri</span> <span class='ocrx_word' id='word_1_64' title='bbox 968 1141 1049 1201; x_wconf 85' lang='lat' dir='ltr'>docti</span> <span class='ocrx_word' id='word_1_65' title='bbox 1060 1160 1191 1224; x_wconf 84' lang='lat' dir='ltr'>quatuor,</span> <span class='ocrx_word' id='word_1_66' title='bbox 1203 1155 1238 1212; x_wconf 81' lang='lat' dir='ltr'>in</span> 
     </span>
     <span class='ocr_line' id='line_1_9' title="bbox 182 1225 1238 1314; baseline 0.014 -29"><span class='ocrx_word' id='word_1_67' title='bbox 182 1225 326 1286; x_wconf 86' lang='lat' dir='ltr'>videndis</span> <span class='ocrx_word' id='word_1_68' title='bbox 336 1225 537 1306; x_wconf 85' lang='lat' dir='ltr'>antiquorum</span> <span class='ocrx_word' id='word_1_69' title='bbox 550 1225 694 1306; x_wconf 84' lang='lat' dir='ltr'>operibus</span> <span class='ocrx_word' id='word_1_70' title='bbox 706 1225 848 1307; x_wconf 88' lang='lat' dir='ltr'>inprimis</span> <span class='ocrx_word' id='word_1_71' title='bbox 858 1226 972 1287; x_wconf 90' lang='lat' dir='ltr'>oculati</span> <span class='ocrx_word' id='word_1_72' title='bbox 983 1230 1055 1305; x_wconf 82' lang='lat' dir='ltr'>viri,</span> <span class='ocrx_word' id='word_1_73' title='bbox 1065 1235 1176 1314; x_wconf 90' lang='lat' dir='ltr'>quibus</span> <span class='ocrx_word' id='word_1_74' title='bbox 1187 1241 1238 1301; x_wconf 85' lang='lat' dir='ltr'>vix</span> 
     </span>
     <span class='ocr_line' id='line_1_10' title="bbox 183 1312 1240 1400; baseline 0.014 -27"><span class='ocrx_word' id='word_1_75' title='bbox 183 1312 262 1374; x_wconf 82' lang='lat' dir='ltr'>fides</span> <span class='ocrx_word' id='word_1_76' title='bbox 278 1313 473 1395; x_wconf 78' lang='lat' dir='ltr'>deneganda,</span> <span class='ocrx_word' id='word_1_77' title='bbox 491 1313 615 1373; x_wconf 81' lang='lat' dir='ltr'>Codices</span> <span class='ocrx_word' id='word_1_78' title='bbox 629 1314 830 1395; x_wconf 80' lang='lat' dir='ltr'>inspexerint3</span> <span class='ocrx_word' id='word_1_79' title='bbox 848 1335 919 1375; x_wconf 87' lang='lat' dir='ltr'>vcro</span> <span class='ocrx_word' id='word_1_80' title='bbox 934 1336 997 1375; x_wconf 90' lang='lat' dir='ltr'>non</span> <span class='ocrx_word' id='word_1_81' title='bbox 1011 1333 1055 1378; x_wconf 90' lang='lat' dir='ltr'>est</span> <span class='ocrx_word' id='word_1_82' title='bbox 1069 1322 1182 1400; x_wconf 90' lang='lat' dir='ltr'>simile,</span> <span class='ocrx_word' id='word_1_83' title='bbox 1199 1325 1240 1389; x_wconf 89' lang='lat' dir='ltr'>ad</span> 
     </span>
     <span class='ocr_line' id='line_1_11' title="bbox 184 1401 1241 1484; baseline 0.013 -20"><span class='ocrx_word' id='word_1_84' title='bbox 184 1425 288 1464; x_wconf 90' lang='lat' dir='ltr'>unum</span> <span class='ocrx_word' id='word_1_85' title='bbox 299 1424 406 1464; x_wconf 90' lang='lat' dir='ltr'>omnes</span> <span class='ocrx_word' id='word_1_86' title='bbox 420 1402 513 1484; x_wconf 89' lang='lat' dir='ltr'>(quid</span> <span class='ocrx_word' id='word_1_87' title='bbox 526 1401 644 1482; x_wconf 70' lang='lat' dir='ltr'>enimi)</span> <span class='ocrx_word' id='word_1_88' title='bbox 658 1402 749 1462; x_wconf 88' lang='lat' dir='ltr'>verba</span> <span class='ocrx_word' id='word_1_89' title='bbox 761 1403 835 1462; x_wconf 85' lang='lat' dir='ltr'>dare</span> <span class='ocrx_word' id='word_1_90' title='bbox 846 1403 975 1466; x_wconf 84' lang='lat' dir='ltr'>voluisse</span> <span class='ocrx_word' id='word_1_91' title='bbox 987 1409 1029 1467; x_wconf 87' lang='lat' dir='ltr'>rei</span> <span class='ocrx_word' id='word_1_92' title='bbox 1043 1407 1198 1475; x_wconf 82' lang='lat' dir='ltr'>litterariae</span> <span class='ocrx_word' id='word_1_93' title='bbox 1209 1430 1241 1478; x_wconf 90' lang='lat' dir='ltr'>et</span> 
     </span>
     <span class='ocr_line' id='line_1_12' title="bbox 185 1493 441 1576; baseline -0.016 -21"><span class='ocrx_word' id='word_1_94' title='bbox 185 1495 300 1556; x_wconf 82' lang='lat' dir='ltr'>criticae</span> <span class='ocrx_word' id='word_1_95' title='bbox 313 1493 441 1576; x_wconf 90' lang='lat' dir='ltr'>cupidis.</span> 
     </span>
     <span class='ocr_line' id='line_1_13' title="bbox 228 1578 1241 1665; baseline 0.014 -23"><span class='ocrx_word' id='word_1_96' title='bbox 228 1581 381 1663; x_wconf 85' lang='lat' dir='ltr'>Equidem</span> <span class='ocrx_word' id='word_1_97' title='bbox 396 1579 559 1661; x_wconf 90' lang='lat' dir='ltr'>putabam,</span> <span class='ocrx_word' id='word_1_98' title='bbox 577 1578 634 1640; x_wconf 88' lang='lat' dir='ltr'>hac</span> <span class='ocrx_word' id='word_1_99' title='bbox 648 1582 681 1640; x_wconf 92' lang='lat' dir='ltr'>in</span> <span class='ocrx_word' id='word_1_100' title='bbox 698 1601 731 1640; x_wconf 91' lang='lat' dir='ltr'>re</span> <span class='ocrx_word' id='word_1_101' title='bbox 746 1601 873 1642; x_wconf 90' lang='lat' dir='ltr'>omnem</span> <span class='ocrx_word' id='word_1_102' title='bbox 892 1581 960 1642; x_wconf 91' lang='lat' dir='ltr'>tolli</span> <span class='ocrx_word' id='word_1_103' title='bbox 975 1605 1063 1665; x_wconf 90' lang='lat' dir='ltr'>posse</span> <span class='ocrx_word' id='word_1_104' title='bbox 1074 1587 1241 1656; x_wconf 88' lang='lat' dir='ltr'>dubitatio·</span> 
     </span>
     <span class='ocr_line' id='line_1_14' title="bbox 162 1666 1242 1751; baseline 0.018 -24"><span class='ocrx_word' id='word_1_105' title='bbox 162 1723 165 1727; x_wconf 87' lang='lat'>.</span> <span class='ocrx_word' id='word_1_106' title='bbox 188 1692 278 1746; x_wconf 87' lang='lat' dir='ltr'>nem,</span> <span class='ocrx_word' id='word_1_107' title='bbox 294 1674 318 1731; x_wconf 88' lang='lat' dir='ltr'>si</span> <span class='ocrx_word' id='word_1_108' title='bbox 335 1669 438 1730; x_wconf 86' lang='lat' dir='ltr'>Codex</span> <span class='ocrx_word' id='word_1_109' title='bbox 455 1666 578 1744; x_wconf 84' lang='lat' dir='ltr'>Pithoei,</span> <span class='ocrx_word' id='word_1_110' title='bbox 596 1691 689 1751; x_wconf 91' lang='lat' dir='ltr'>quem</span> <span class='ocrx_word' id='word_1_111' title='bbox 705 1671 837 1730; x_wconf 84' lang='lat' dir='ltr'>sciebam</span> <span class='ocrx_word' id='word_1_112' title='bbox 855 1673 987 1733; x_wconf 86' lang='lat' dir='ltr'>inveniri</span> <span class='ocrx_word' id='word_1_113' title='bbox 1003 1675 1035 1734; x_wconf 91' lang='lat' dir='ltr'>in</span> <span class='ocrx_word' id='word_1_114' title='bbox 1052 1677 1242 1745; x_wconf 82' lang='lat' dir='ltr'>Bibliotheca</span> 
     </span>
     <span class='ocr_line' id='line_1_15' title="bbox 189 1758 1242 1849; baseline 0.009 -29"><span class='ocrx_word' id='word_1_115' title='bbox 189 1759 330 1820; x_wconf 79' lang='lat' dir='ltr'>Praesidis</span> <span class='ocrx_word' id='word_1_116' title='bbox 340 1758 499 1842; x_wconf 91' lang='lat' dir='ltr'>quondam</span> <span class='ocrx_word' id='word_1_117' title='bbox 511 1759 638 1818; x_wconf 91' lang='lat' dir='ltr'>Senatus</span> <span class='ocrx_word' id='word_1_118' title='bbox 652 1759 843 1833; x_wconf 76' lang='lat' dir='ltr'>parisiensis,</span> <span class='ocrx_word' id='word_1_119' title='bbox 859 1759 884 1819; x_wconf 83' lang='lat' dir='ltr'>le</span> <span class='ocrx_word' id='word_1_120' title='bbox 899 1758 1034 1821; x_wconf 80' lang='lat' dir='ltr'>Pellen‘cr</span> <span class='ocrx_word' id='word_1_121' title='bbox 1045 1763 1081 1824; x_wconf 85' lang='lat' dir='ltr'>de</span> <span class='ocrx_word' id='word_1_122' title='bbox 1093 1769 1242 1849; x_wconf 79' lang='lat' dir='ltr'>Rusonbo,</span> 
     </span>
     <span class='ocr_line' id='line_1_16' title="bbox 190 1847 1243 1932; baseline 0.01 -22"><span class='ocrx_word' id='word_1_123' title='bbox 190 1872 211 1910; x_wconf 88' lang='lat' dir='ltr'>a</span> <span class='ocrx_word' id='word_1_124' title='bbox 226 1870 290 1932; x_wconf 86' lang='lat' dir='ltr'>quo</span> <span class='ocrx_word' id='word_1_125' title='bbox 304 1848 418 1910; x_wconf 88' lang='lat' dir='ltr'>librum</span> <span class='ocrx_word' id='word_1_126' title='bbox 434 1860 590 1929; x_wconf 87' lang='lat' dir='ltr'>acceperat</span> <span class='ocrx_word' id='word_1_127' title='bbox 601 1847 647 1907; x_wconf 90' lang='lat' dir='ltr'>Cl.</span> <span class='ocrx_word' id='word_1_128' title='bbox 662 1850 785 1921; x_wconf 64' lang='lat' dir='ltr'>Brutus,</span> <span class='ocrx_word' id='word_1_129' title='bbox 799 1848 873 1907; x_wconf 90' lang='lat' dir='ltr'>etin</span> <span class='ocrx_word' id='word_1_130' title='bbox 888 1849 1071 1912; x_wconf 86' lang='lat' dir='ltr'>adornanda</span> <span class='ocrx_word' id='word_1_131' title='bbox 1085 1876 1165 1917; x_wconf 89' lang='lat' dir='ltr'>nova</span> <span class='ocrx_word' id='word_1_132' title='bbox 1181 1861 1243 1921; x_wconf 91' lang='lat' dir='ltr'>edi·</span> 
     </span>
     <span class='ocr_line' id='line_1_17' title="bbox 191 1933 1243 2016; baseline 0.01 -20"><span class='ocrx_word' id='word_1_133' title='bbox 191 1938 279 1997; x_wconf 89' lang='lat' dir='ltr'>tione</span> <span class='ocrx_word' id='word_1_134' title='bbox 288 1934 329 2016; x_wconf 69' lang='lat'>(4)</span> <span class='ocrx_word' id='word_1_135' title='bbox 343 1938 375 1997; x_wconf 93' lang='lat' dir='ltr'>in</span> <span class='ocrx_word' id='word_1_136' title='bbox 388 1956 456 1995; x_wconf 89' lang='lat' dir='ltr'>suos</span> <span class='ocrx_word' id='word_1_137' title='bbox 468 1947 598 1993; x_wconf 88' lang='lat' dir='ltr'>verterat</span> <span class='ocrx_word' id='word_1_138' title='bbox 610 1954 695 2009; x_wconf 90' lang='lat' dir='ltr'>usus,</span> <span class='ocrx_word' id='word_1_139' title='bbox 711 1933 814 1992; x_wconf 90' lang='lat' dir='ltr'>denuo</span> <span class='ocrx_word' id='word_1_140' title='bbox 827 1949 974 1995; x_wconf 76' lang='lat' dir='ltr'>accurata</span> <span class='ocrx_word' id='word_1_141' title='bbox 988 1937 1171 2004; x_wconf 90' lang='lat' dir='ltr'>Criticorum</span> <span class='ocrx_word' id='word_1_142' title='bbox 1183 1947 1243 2008; x_wconf 89' lang='lat' dir='ltr'>dis-</span> 
     </span>
     <span class='ocr_line' id='line_1_18' title="bbox 190 2022 1243 2109; baseline 0.01 -22"><span class='ocrx_word' id='word_1_143' title='bbox 190 2027 350 2109; x_wconf 86' lang='lat' dir='ltr'>quisitioni</span> <span class='ocrx_word' id='word_1_144' title='bbox 361 2025 566 2106; x_wconf 89' lang='lat' dir='ltr'>subjiceretur.</span> <span class='ocrx_word' id='word_1_145' title='bbox 579 2023 743 2104; x_wconf 83' lang='lat' dir='ltr'>Sperabam</span> <span class='ocrx_word' id='word_1_146' title='bbox 754 2025 852 2097; x_wconf 89' lang='lat' dir='ltr'>enim,</span> <span class='ocrx_word' id='word_1_147' title='bbox 864 2022 944 2099; x_wconf 88' lang='lat' dir='ltr'>fore,</span> <span class='ocrx_word' id='word_1_148' title='bbox 956 2039 1006 2100; x_wconf 92' lang='lat' dir='ltr'>ut,</span> <span class='ocrx_word' id='word_1_149' title='bbox 1017 2030 1041 2087; x_wconf 87' lang='lat' dir='ltr'>si</span> <span class='ocrx_word' id='word_1_150' title='bbox 1055 2031 1098 2089; x_wconf 85' lang='lat' dir='ltr'>rei</span> <span class='ocrx_word' id='word_1_151' title='bbox 1110 2033 1243 2099; x_wconf 72' lang='lat' dir='ltr'>librariae</span> 
     </span>
     <span class='ocr_line' id='line_1_19' title="bbox 190 2111 1247 2206; baseline 0.009 -30"><span class='ocrx_word' id='word_1_152' title='bbox 190 2115 289 2197; x_wconf 74' lang='lat' dir='ltr'>longo</span> <span class='ocrx_word' id='word_1_153' title='bbox 307 2116 340 2175; x_wconf 91' lang='lat' dir='ltr'>in</span> <span class='ocrx_word' id='word_1_154' title='bbox 360 2111 548 2174; x_wconf 87' lang='lat' dir='ltr'>bibliothecis</span> <span class='ocrx_word' id='word_1_155' title='bbox 567 2133 624 2170; x_wconf 92' lang='lat' dir='ltr'>usu</span> <span class='ocrx_word' id='word_1_156' title='bbox 644 2113 757 2193; x_wconf 90' lang='lat' dir='ltr'>peritus</span> <span class='ocrx_word' id='word_1_157' title='bbox 775 2113 862 2171; x_wconf 87' lang='lat' dir='ltr'>certis</span> <span class='ocrx_word' id='word_1_158' title='bbox 880 2113 1132 2180; x_wconf 84' lang='lat' dir='ltr'>membranarum</span> <span class='ocrx_word' id='word_1_159' title='bbox 1151 2136 1247 2206; x_wconf 82' lang='lat' dir='ltr'>atque</span> 
     </span>
     <span class='ocr_line' id='line_1_20' title="bbox 191 2199 1245 2284; baseline 0.007 -19"><span class='ocrx_word' id='word_1_160' title='bbox 191 2225 346 2265; x_wconf 89' lang='lat' dir='ltr'>manuum</span> <span class='ocrx_word' id='word_1_161' title='bbox 367 2201 555 2284; x_wconf 80' lang='lat' dir='ltr'>argumentis</span> <span class='ocrx_word' id='word_1_162' title='bbox 576 2200 761 2273; x_wconf 88' lang='lat' dir='ltr'>ostenderet,</span> <span class='ocrx_word' id='word_1_163' title='bbox 782 2199 923 2260; x_wconf 90' lang='lat' dir='ltr'>Codicem</span> <span class='ocrx_word' id='word_1_164' title='bbox 946 2219 1149 2267; x_wconf 90' lang='lat' dir='ltr'>memoratum</span> <span class='ocrx_word' id='word_1_165' title='bbox 1171 2229 1245 2274; x_wconf 81' lang='lat' dir='ltr'>ante</span> 
     </span>
     <span class='ocr_line' id='line_1_21' title="bbox 191 2285 1243 2380; baseline 0.004 -25"><span class='ocrx_word' id='word_1_166' title='bbox 191 2306 317 2355; x_wconf 68' lang='lat' dir='ltr'>etatem</span> <span class='ocrx_word' id='word_1_167' title='bbox 334 2291 446 2352; x_wconf 86' lang='lat' dir='ltr'>Perotti</span> <span class='ocrx_word' id='word_1_168' title='bbox 465 2292 612 2371; x_wconf 89' lang='lat' dir='ltr'>scriptum</span> <span class='ocrx_word' id='word_1_169' title='bbox 629 2309 704 2363; x_wconf 90' lang='lat' dir='ltr'>esse,</span> <span class='ocrx_word' id='word_1_170' title='bbox 723 2285 770 2346; x_wconf 85' lang='lat' dir='ltr'>hae</span> <span class='ocrx_word' id='word_1_171' title='bbox 787 2287 899 2347; x_wconf 82' lang='lat' dir='ltr'>fabulae</span> <span class='ocrx_word' id='word_1_172' title='bbox 918 2291 1038 2350; x_wconf 89' lang='lat' dir='ltr'>Perotto</span> <span class='ocrx_word' id='word_1_173' title='bbox 1056 2302 1243 2380; x_wconf 65' lang='lat' dir='ltr'>extorqueri,</span> 
     </span>
     <span class='ocr_line' id='line_1_22' title="bbox 193 2378 1243 2464; baseline 0.008 -21"><span class='ocrx_word' id='word_1_174' title='bbox 193 2383 298 2464; x_wconf 87' lang='lat' dir='ltr'>sicque</span> <span class='ocrx_word' id='word_1_175' title='bbox 313 2382 519 2442; x_wconf 89' lang='lat' dir='ltr'>controversia</span> <span class='ocrx_word' id='word_1_176' title='bbox 534 2378 639 2438; x_wconf 89' lang='lat' dir='ltr'>dirimi</span> <span class='ocrx_word' id='word_1_177' title='bbox 655 2390 763 2460; x_wconf 89' lang='lat' dir='ltr'>posset.</span> <span class='ocrx_word' id='word_1_178' title='bbox 780 2378 948 2458; x_wconf 90' lang='lat' dir='ltr'>Quumque</span> <span class='ocrx_word' id='word_1_179' title='bbox 960 2380 1145 2464; x_wconf 77' lang='lat' dir='ltr'>Boettigerus</span> <span class='ocrx_word' id='word_1_180' title='bbox 1158 2391 1194 2449; x_wconf 88' lang='lat' dir='ltr'>V.</span> <span class='ocrx_word' id='word_1_181' title='bbox 1209 2392 1243 2454; x_wconf 91' lang='lat' dir='ltr'>C.</span> 
     </span>
     <span class='ocr_line' id='line_1_23' title="bbox 194 2466 1244 2558; baseline 0.008 -26"><span class='ocrx_word' id='word_1_182' title='bbox 194 2472 320 2554; x_wconf 79' lang='lat' dir='ltr'>Collega</span> <span class='ocrx_word' id='word_1_183' title='bbox 336 2469 616 2552; x_wconf 85' lang='lat' dir='ltr'>conjunctissimus,</span> <span class='ocrx_word' id='word_1_184' title='bbox 636 2489 685 2528; x_wconf 90' lang='lat' dir='ltr'>me</span> <span class='ocrx_word' id='word_1_185' title='bbox 702 2469 863 2528; x_wconf 88' lang='lat' dir='ltr'>certiorem</span> <span class='ocrx_word' id='word_1_186' title='bbox 881 2466 1011 2543; x_wconf 84' lang='lat' dir='ltr'>fecisset,</span> <span class='ocrx_word' id='word_1_187' title='bbox 1028 2493 1046 2531; x_wconf 86' lang='lat' dir='ltr'>a</span> <span class='ocrx_word' id='word_1_188' title='bbox 1065 2473 1110 2534; x_wconf 84' lang='lat' dir='ltr'>Cl.</span> <span class='ocrx_word' id='word_1_189' title='bbox 1125 2477 1244 2558; x_wconf 76' lang='lat' dir='ltr'>Mittin,</span> 
     </span>
     <span class='ocr_line' id='line_1_24' title="bbox 193 2558 1246 2643; baseline 0.009 -21"><span class='ocrx_word' id='word_1_190' title='bbox 193 2563 258 2623; x_wconf 86' lang='lat' dir='ltr'>cive</span> <span class='ocrx_word' id='word_1_191' title='bbox 278 2560 415 2634; x_wconf 88' lang='lat' dir='ltr'>Gallico,</span> <span class='ocrx_word' id='word_1_192' title='bbox 436 2560 628 2618; x_wconf 80' lang='lat' dir='ltr'>Litteraturae</span> <span class='ocrx_word' id='word_1_193' title='bbox 649 2558 786 2638; x_wconf 70' lang='lat' dir='ltr'>antiquae</span> <span class='ocrx_word' id='word_1_194' title='bbox 807 2558 1020 2619; x_wconf 87' lang='lat' dir='ltr'>amantissimo</span> <span class='ocrx_word' id='word_1_195' title='bbox 1039 2580 1125 2643; x_wconf 83' lang='lat' dir='ltr'>aeque</span> <span class='ocrx_word' id='word_1_196' title='bbox 1145 2588 1180 2627; x_wconf 89' lang='lat' dir='ltr'>ac</span> <span class='ocrx_word' id='word_1_197' title='bbox 1200 2573 1246 2632; x_wconf 89' lang='lat' dir='ltr'>rei</span> 
     </span>
     <span class='ocr_line' id='line_1_25' title="bbox 193 2646 1246 2731; baseline 0.007 -20"><span class='ocrx_word' id='word_1_198' title='bbox 193 2651 306 2711; x_wconf 79' lang='lat' dir='ltr'>criticae</span> <span class='ocrx_word' id='word_1_199' title='bbox 318 2663 349 2711; x_wconf 91' lang='lat' dir='ltr'>et</span> <span class='ocrx_word' id='word_1_200' title='bbox 360 2647 578 2728; x_wconf 79' lang='lat' dir='ltr'>Archaeologiae</span> <span class='ocrx_word' id='word_1_201' title='bbox 592 2648 790 2729; x_wconf 88' lang='lat' dir='ltr'>peritissimo,</span> <span class='ocrx_word' id='word_1_202' title='bbox 802 2646 891 2707; x_wconf 88' lang='lat' dir='ltr'>facile</span> <span class='ocrx_word' id='word_1_203' title='bbox 906 2669 937 2707; x_wconf 90' lang='lat' dir='ltr'>se</span> <span class='ocrx_word' id='word_1_204' title='bbox 948 2650 1197 2731; x_wconf 87' lang='lat' dir='ltr'>impetraturum,</span> <span class='ocrx_word' id='word_1_205' title='bbox 1208 2674 1246 2720; x_wconf 88' lang='lat' dir='ltr'>ut</span> 
     </span>
     <span class='ocr_line' id='line_1_26' title="bbox 193 2737 1247 2825; baseline 0.004 -22"><span class='ocrx_word' id='word_1_206' title='bbox 193 2740 232 2802; x_wconf 87' lang='lat' dir='ltr'>de</span> <span class='ocrx_word' id='word_1_207' title='bbox 244 2739 356 2801; x_wconf 85' lang='lat' dir='ltr'>Codice</span> <span class='ocrx_word' id='word_1_208' title='bbox 368 2737 481 2797; x_wconf 83' lang='lat' dir='ltr'>Pithoei</span> <span class='ocrx_word' id='word_1_209' title='bbox 496 2738 699 2816; x_wconf 69' lang='lat' dir='ltr'>quaestionem</span> <span class='ocrx_word' id='word_1_210' title='bbox 713 2737 883 2796; x_wconf 87' lang='lat' dir='ltr'>institueret</span> <span class='ocrx_word' id='word_1_211' title='bbox 897 2737 1046 2814; x_wconf 88' lang='lat' dir='ltr'>criticam,</span> <span class='ocrx_word' id='word_1_212' title='bbox 1063 2742 1165 2825; x_wconf 91' lang='lat' dir='ltr'>sicque</span> <span class='ocrx_word' id='word_1_213' title='bbox 1179 2745 1247 2807; x_wconf 88' lang='lat' dir='ltr'>effi-</span> 
     </span>
     <span class='ocr_line' id='line_1_27' title="bbox 195 2823 1247 2907; baseline 0.004 -15"><span class='ocrx_word' id='word_1_214' title='bbox 195 2843 292 2905; x_wconf 84' lang='lat' dir='ltr'>ceret,</span> <span class='ocrx_word' id='word_1_215' title='bbox 304 2842 340 2890; x_wconf 92' lang='lat' dir='ltr'>ut</span> <span class='ocrx_word' id='word_1_216' title='bbox 351 2828 389 2888; x_wconf 91' lang='lat' dir='ltr'>de</span> <span class='ocrx_word' id='word_1_217' title='bbox 400 2838 488 2887; x_wconf 67' lang='lat' dir='ltr'>aetate</span> <span class='ocrx_word' id='word_1_218' title='bbox 500 2823 564 2906; x_wconf 86' lang='lat' dir='ltr'>ejus</span> <span class='ocrx_word' id='word_1_219' title='bbox 576 2845 731 2907; x_wconf 84' lang='lat' dir='ltr'>possemus</span> <span class='ocrx_word' id='word_1_220' title='bbox 743 2845 806 2897; x_wconf 85' lang='lat' dir='ltr'>esse</span> <span class='ocrx_word' id='word_1_221' title='bbox 819 2827 974 2886; x_wconf 84' lang='lat' dir='ltr'>certiores:</span> <span class='ocrx_word' id='word_1_222' title='bbox 988 2828 1099 2890; x_wconf 87' lang='lat' dir='ltr'>tradidi</span> <span class='ocrx_word' id='word_1_223' title='bbox 1110 2832 1147 2893; x_wconf 91' lang='lat' dir='ltr'>cl.</span> <span class='ocrx_word' id='word_1_224' title='bbox 1160 2837 1247 2895; x_wconf 89' lang='lat' dir='ltr'>Boet-</span> 
     </span>
     <span class='ocr_line' id='line_1_28' title="bbox 196 2912 1246 3003; baseline -0.005 -27"><span class='ocrx_word' id='word_1_225' title='bbox 196 2920 296 3000; x_wconf 73' lang='lat' dir='ltr'>tigern</span> <span class='ocrx_word' id='word_1_226' title='bbox 307 2914 485 2988; x_wconf 76' lang='lat' dir='ltr'>schedulas,</span> <span class='ocrx_word' id='word_1_227' title='bbox 503 2915 548 2974; x_wconf 89' lang='lat' dir='ltr'>Cl.</span> <span class='ocrx_word' id='word_1_228' title='bbox 566 2912 689 2973; x_wconf 90' lang='lat' dir='ltr'>Millino</span> <span class='ocrx_word' id='word_1_229' title='bbox 705 2914 832 2974; x_wconf 89' lang='lat' dir='ltr'>Parisios</span> <span class='ocrx_word' id='word_1_230' title='bbox 849 2916 1113 2991; x_wconf 86' lang='lat' dir='ltr'>transmittendas,</span> <span class='ocrx_word' id='word_1_231' title='bbox 1130 2920 1246 3003; x_wconf 75' lang='lat' dir='ltr'>inqui.</span> 
     </span>
     <span class='ocr_line' id='line_1_29' title="bbox 196 3000 1249 3088; baseline 0.004 -20"><span class='ocrx_word' id='word_1_232' title='bbox 196 3008 258 3069; x_wconf 88' lang='lat' dir='ltr'>bus</span> <span class='ocrx_word' id='word_1_233' title='bbox 272 3004 528 3088; x_wconf 82' lang='lat' dir='ltr'>significaveram,</span> <span class='ocrx_word' id='word_1_234' title='bbox 543 3022 688 3084; x_wconf 87' lang='lat' dir='ltr'>quaenam</span> <span class='ocrx_word' id='word_1_235' title='bbox 701 3000 890 3081; x_wconf 89' lang='lat' dir='ltr'>potissimum</span> <span class='ocrx_word' id='word_1_236' title='bbox 905 3004 1090 3082; x_wconf 86' lang='lat' dir='ltr'>respicienda</span> <span class='ocrx_word' id='word_1_237' title='bbox 1102 3023 1200 3069; x_wconf 85' lang='lat' dir='ltr'>essent</span> <span class='ocrx_word' id='word_1_238' title='bbox 1214 3013 1249 3072; x_wconf 88' lang='lat' dir='ltr'>in</span> 
     </span>
     <span class='ocr_line' id='line_1_30' title="bbox 197 3086 1249 3169; baseline 0 -13"><span class='ocrx_word' id='word_1_239' title='bbox 197 3095 305 3157; x_wconf 83' lang='lat' dir='ltr'>critica</span> <span class='ocrx_word' id='word_1_240' title='bbox 320 3092 482 3153; x_wconf 90' lang='lat' dir='ltr'>memorati</span> <span class='ocrx_word' id='word_1_241' title='bbox 498 3089 618 3150; x_wconf 90' lang='lat' dir='ltr'>Codicis</span> <span class='ocrx_word' id='word_1_242' title='bbox 635 3089 818 3169; x_wconf 77' lang='lat' dir='ltr'>questione,</span> <span class='ocrx_word' id='word_1_243' title='bbox 835 3088 859 3145; x_wconf 86' lang='lat' dir='ltr'>si</span> <span class='ocrx_word' id='word_1_244' title='bbox 875 3086 952 3146; x_wconf 81' lang='lat' dir='ltr'>forte</span> <span class='ocrx_word' id='word_1_245' title='bbox 966 3088 1142 3152; x_wconf 87' lang='lat' dir='ltr'>inveniatur</span> <span class='ocrx_word' id='word_1_246' title='bbox 1154 3096 1186 3154; x_wconf 92' lang='lat' dir='ltr'>in</span> <span class='ocrx_word' id='word_1_247' title='bbox 1200 3118 1249 3156; x_wconf 86' lang='lat' dir='ltr'>su·</span> 
     </span>
     <span class='ocr_line' id='line_1_31' title="bbox 194 3176 1250 3271; baseline -0.001 -28"><span class='ocrx_word' id='word_1_248' title='bbox 194 3183 348 3271; x_wconf 76' lang='lat' dir='ltr'>pellectile</span> <span class='ocrx_word' id='word_1_249' title='bbox 359 3181 483 3242; x_wconf 86' lang='lat' dir='ltr'>libraria</span> <span class='ocrx_word' id='word_1_250' title='bbox 496 3178 630 3262; x_wconf 82' lang='lat' dir='ltr'>praesidis</span> <span class='ocrx_word' id='word_1_251' title='bbox 641 3176 798 3258; x_wconf 91' lang='lat' dir='ltr'>quondam</span> <span class='ocrx_word' id='word_1_252' title='bbox 810 3176 939 3235; x_wconf 88' lang='lat' dir='ltr'>Senatus</span> <span class='ocrx_word' id='word_1_253' title='bbox 951 3177 1139 3257; x_wconf 87' lang='lat' dir='ltr'>Parisiensis,</span> <span class='ocrx_word' id='word_1_254' title='bbox 1152 3185 1200 3244; x_wconf 86' lang='lat' dir='ltr'>vel</span> <span class='ocrx_word' id='word_1_255' title='bbox 1215 3188 1250 3247; x_wconf 83' lang='lat' dir='ltr'>in</span> 
     </span>
     <span class='ocr_line' id='line_1_32' title="bbox 195 3265 1250 3352; baseline 0 -16"><span class='ocrx_word' id='word_1_256' title='bbox 195 3271 386 3337; x_wconf 87' lang='lat' dir='ltr'>Bibliotheca</span> <span class='ocrx_word' id='word_1_257' title='bbox 397 3270 530 3331; x_wconf 88' lang='lat' dir='ltr'>nationis</span> <span class='ocrx_word' id='word_1_258' title='bbox 544 3268 660 3348; x_wconf 71' lang='lat' dir='ltr'>gallicae</span> <span class='ocrx_word' id='word_1_259' title='bbox 674 3265 921 3338; x_wconf 84' lang='lat' dir='ltr'>instructissima,</span> <span class='ocrx_word' id='word_1_260' title='bbox 933 3265 981 3324; x_wconf 86' lang='lat' dir='ltr'>vel</span> <span class='ocrx_word' id='word_1_261' title='bbox 993 3267 1026 3325; x_wconf 90' lang='lat' dir='ltr'>in</span> <span class='ocrx_word' id='word_1_262' title='bbox 1039 3266 1099 3328; x_wconf 91' lang='lat' dir='ltr'>alia</span> <span class='ocrx_word' id='word_1_263' title='bbox 1111 3291 1250 3352; x_wconf 89' lang='lat' dir='ltr'>quacun·</span> 
     </span>
     <span class='ocr_line' id='line_1_33' title="bbox 198 3351 1345 3446; baseline 0.002 -26"><span class='ocrx_word' id='word_1_264' title='bbox 198 3383 261 3446; x_wconf 85' lang='lat' dir='ltr'>que</span> <span class='ocrx_word' id='word_1_265' title='bbox 283 3358 501 3420; x_wconf 85' lang='lat' dir='ltr'>Parisiensium</span> <span class='ocrx_word' id='word_1_266' title='bbox 521 3352 713 3414; x_wconf 90' lang='lat' dir='ltr'>bibliotheca.</span> <span class='ocrx_word' id='word_1_267' title='bbox 738 3355 835 3412; x_wconf 86' lang='lat' dir='ltr'>Erant</span> <span class='ocrx_word' id='word_1_268' title='bbox 855 3367 958 3412; x_wconf 91' lang='lat' dir='ltr'>autem</span> <span class='ocrx_word' id='word_1_269' title='bbox 979 3351 1062 3413; x_wconf 87' lang='lat' dir='ltr'>haec:</span> <span class='ocrx_word' id='word_1_270' title='bbox 1091 3378 1132 3417; x_wconf 88' lang='lat' dir='ltr'>an</span> <span class='ocrx_word' id='word_1_271' title='bbox 1155 3364 1252 3443; x_wconf 89' lang='lat' dir='ltr'>possit</span> <span class='ocrx_word' id='word_1_272' title='bbox 1342 3431 1345 3437; x_wconf 30' lang='lat'><strong><em>¹</em></strong></span> 
     </span>
     <span class='ocr_line' id='line_1_34' title="bbox 197 3440 1315 3535; baseline 0 -25"><span class='ocrx_word' id='word_1_273' title='bbox 197 3449 329 3535; x_wconf 85' lang='lat' dir='ltr'>probari</span> <span class='ocrx_word' id='word_1_274' title='bbox 340 3448 427 3509; x_wconf 87' lang='lat' dir='ltr'>certis</span> <span class='ocrx_word' id='word_1_275' title='bbox 438 3459 468 3505; x_wconf 92' lang='lat' dir='ltr'>et</span> <span class='ocrx_word' id='word_1_276' title='bbox 479 3443 659 3503; x_wconf 87' lang='lat' dir='ltr'>indubitatis</span> <span class='ocrx_word' id='word_1_277' title='bbox 673 3440 925 3501; x_wconf 85' lang='lat' dir='ltr'>membranarum</span> <span class='ocrx_word' id='word_1_278' title='bbox 934 3451 1027 3523; x_wconf 92' lang='lat' dir='ltr'>atque</span> <span class='ocrx_word' id='word_1_279' title='bbox 1040 3463 1192 3507; x_wconf 87' lang='lat' dir='ltr'>manuum</span> <span class='ocrx_word' id='word_1_280' title='bbox 1204 3471 1253 3509; x_wconf 90' lang='lat' dir='ltr'>ar·</span> <span class='ocrx_word' id='word_1_281' title='bbox 1311 3516 1315 3526; x_wconf 48' lang='grc'><em>,</em></span> 
     </span>
     <span class='ocr_line' id='line_1_35' title="bbox 195 3532 1251 3622; baseline 0.002 -27"><span class='ocrx_word' id='word_1_282' title='bbox 195 3539 371 3622; x_wconf 60' lang='lat' dir='ltr'>promentis,</span> <span class='ocrx_word' id='word_1_283' title='bbox 388 3534 523 3595; x_wconf 90' lang='lat' dir='ltr'>codicem</span> <span class='ocrx_word' id='word_1_284' title='bbox 535 3532 682 3612; x_wconf 89' lang='lat' dir='ltr'>scriptum</span> <span class='ocrx_word' id='word_1_285' title='bbox 695 3551 757 3590; x_wconf 86' lang='lat' dir='ltr'>esse</span> <span class='ocrx_word' id='word_1_286' title='bbox 768 3543 840 3589; x_wconf 86' lang='lat' dir='ltr'>ante</span> <span class='ocrx_word' id='word_1_287' title='bbox 851 3543 971 3589; x_wconf 78' lang='lat' dir='ltr'>atatem</span> <span class='ocrx_word' id='word_1_288' title='bbox 984 3532 1112 3608; x_wconf 87' lang='lat' dir='ltr'>Perotti,</span> <span class='ocrx_word' id='word_1_289' title='bbox 1126 3539 1180 3617; x_wconf 90' lang='lat' dir='ltr'>qui</span> <span class='ocrx_word' id='word_1_290' title='bbox 1197 3538 1251 3598; x_wconf 83' lang='lat' dir='ltr'>flo-</span> 
     </span>
     <span class='ocr_line' id='line_1_36' title="bbox 198 3619 1251 3702; baseline -0.001 -15"><span class='ocrx_word' id='word_1_291' title='bbox 198 3627 266 3688; x_wconf 86' lang='lat' dir='ltr'>ruit</span> <span class='ocrx_word' id='word_1_292' title='bbox 282 3623 391 3684; x_wconf 81' lang='lat' dir='ltr'>saeculo</span> <span class='ocrx_word' id='word_1_293' title='bbox 408 3623 462 3682; x_wconf 85' lang='lat' dir='ltr'>XV</span> <span class='ocrx_word' id='word_1_294' title='bbox 481 3637 510 3681; x_wconf 90' lang='lat' dir='ltr'>et</span> <span class='ocrx_word' id='word_1_295' title='bbox 526 3640 610 3680; x_wconf 89' lang='lat' dir='ltr'>anno</span> <span class='ocrx_word' id='word_1_296' title='bbox 623 3619 866 3679; x_wconf 84' lang='lat' dir='ltr'>MCCCCLXXX</span> <span class='ocrx_word' id='word_1_297' title='bbox 885 3620 948 3679; x_wconf 83' lang='lat' dir='ltr'>vita</span> <span class='ocrx_word' id='word_1_298' title='bbox 967 3622 1109 3682; x_wconf 79' lang='lat' dir='ltr'>excessit?</span> <span class='ocrx_word' id='word_1_299' title='bbox 1126 3626 1251 3702; x_wconf 89' lang='lat' dir='ltr'>titulus,</span> 
     </span>
     <span class='ocr_line' id='line_1_37' title="bbox 198 3707 1255 3795; baseline 0 -19"><span class='ocrx_word' id='word_1_300' title='bbox 198 3713 322 3778; x_wconf 82' lang='lat' dir='ltr'>Pboedn</span> <span class='ocrx_word' id='word_1_301' title='bbox 337 3713 461 3795; x_wconf 76' lang='lat' dir='ltr'>Anqusti</span> <span class='ocrx_word' id='word_1_302' title='bbox 476 3708 595 3784; x_wconf 80' lang='lat' dir='ltr'>Liberti,</span> <span class='ocrx_word' id='word_1_303' title='bbox 614 3707 771 3769; x_wconf 92' lang='lat' dir='ltr'>nonnullis</span> <span class='ocrx_word' id='word_1_304' title='bbox 788 3721 958 3791; x_wconf 89' lang='lat' dir='ltr'>suspectus,</span> <span class='ocrx_word' id='word_1_305' title='bbox 974 3711 1052 3771; x_wconf 90' lang='lat' dir='ltr'>sitne</span> <span class='ocrx_word' id='word_1_306' title='bbox 1067 3734 1085 3771; x_wconf 94' lang='lat' dir='ltr'>a</span> <span class='ocrx_word' id='word_1_307' title='bbox 1102 3733 1198 3773; x_wconf 91' lang='lat' dir='ltr'>manu</span> <span class='ocrx_word' id='word_1_308' title='bbox 1211 3737 1255 3776; x_wconf 85' lang='lat' dir='ltr'>se·</span> 
     </span>
     <span class='ocr_line' id='line_1_38' title="bbox 197 3796 1256 3883; baseline 0.003 -23"><span class='ocrx_word' id='word_1_309' title='bbox 197 3800 324 3876; x_wconf 76' lang='lat' dir='ltr'>cunda,</span> <span class='ocrx_word' id='word_1_310' title='bbox 337 3821 377 3860; x_wconf 90' lang='lat' dir='ltr'>an</span> <span class='ocrx_word' id='word_1_311' title='bbox 389 3798 510 3883; x_wconf 81' lang='lat' dir='ltr'>prima?</span> <span class='ocrx_word' id='word_1_312' title='bbox 525 3819 566 3857; x_wconf 92' lang='lat' dir='ltr'>an</span> <span class='ocrx_word' id='word_1_313' title='bbox 578 3797 711 3880; x_wconf 90' lang='lat' dir='ltr'>denique</span> <span class='ocrx_word' id='word_1_314' title='bbox 721 3796 766 3857; x_wconf 91' lang='lat' dir='ltr'>nil</span> <span class='ocrx_word' id='word_1_315' title='bbox 779 3797 959 3857; x_wconf 89' lang='lat' dir='ltr'>simulatum</span> <span class='ocrx_word' id='word_1_316' title='bbox 969 3800 1002 3858; x_wconf 93' lang='lat' dir='ltr'>in</span> <span class='ocrx_word' id='word_1_317' title='bbox 1016 3801 1189 3860; x_wconf 87' lang='lat' dir='ltr'>litterarum</span> <span class='ocrx_word' id='word_1_318' title='bbox 1202 3802 1256 3864; x_wconf 90' lang='lat' dir='ltr'>du·</span> 
     </span>
     <span class='ocr_line' id='line_1_39' title="bbox 198 3884 1253 3971; baseline 0.001 -24"><span class='ocrx_word' id='word_1_319' title='bbox 198 3902 272 3964; x_wconf 81' lang='lat' dir='ltr'>ctu,</span> <span class='ocrx_word' id='word_1_320' title='bbox 286 3909 386 3971; x_wconf 87' lang='lat' dir='ltr'>quum</span> <span class='ocrx_word' id='word_1_321' title='bbox 397 3890 453 3948; x_wconf 87' lang='lat' dir='ltr'>ista</span> <span class='ocrx_word' id='word_1_322' title='bbox 466 3885 635 3947; x_wconf 89' lang='lat' dir='ltr'>secundum</span> <span class='ocrx_word' id='word_1_323' title='bbox 646 3885 724 3945; x_wconf 83' lang='lat' dir='ltr'>alios</span> <span class='ocrx_word' id='word_1_324' title='bbox 736 3886 849 3967; x_wconf 90' lang='lat' dir='ltr'>priscos</span> <span class='ocrx_word' id='word_1_325' title='bbox 860 3884 952 3945; x_wconf 88' lang='lat' dir='ltr'>libros</span> <span class='ocrx_word' id='word_1_326' title='bbox 967 3888 1085 3968; x_wconf 88' lang='lat' dir='ltr'>possint</span> <span class='ocrx_word' id='word_1_327' title='bbox 1101 3888 1253 3948; x_wconf 88' lang='lat' dir='ltr'>imitando</span> 
     </span>
    </p>
   </div>
   <div class='ocr_carea' id='block_1_3' title="bbox 194 4083 1254 4395">
    <p class='ocr_par' dir='ltr' id='par_1_3' title="bbox 194 4083 1254 4395">
     <span class='ocr_line' id='line_1_40' title="bbox 238 4083 1212 4162; baseline -0.009 -19"><span class='ocrx_word' id='word_1_328' title='bbox 238 4090 281 4162; x_wconf 82' lang='lat'>(1)</span> <span class='ocrx_word' id='word_1_329' title='bbox 290 4087 397 4142; x_wconf 79' lang='lat' dir='ltr'>Christii</span> <span class='ocrx_word' id='word_1_330' title='bbox 407 4087 508 4142; x_wconf 75' lang='lat' dir='ltr'>Proles.</span> <span class='ocrx_word' id='word_1_331' title='bbox 522 4089 564 4140; x_wconf 90' lang='lat' dir='ltr'>cit.</span> <span class='ocrx_word' id='word_1_332' title='bbox 577 4108 604 4160; x_wconf 89' lang='lat' dir='ltr'>p.</span> <span class='ocrx_word' id='word_1_333' title='bbox 621 4087 645 4142; x_wconf 82' lang='grc'>8.</span> <span class='ocrx_word' id='word_1_334' title='bbox 787 4083 825 4157; x_wconf 81' lang='grc'>(3)</span> <span class='ocrx_word' id='word_1_335' title='bbox 834 4085 945 4137; x_wconf 83' lang='lat' dir='ltr'>Fabricii</span> <span class='ocrx_word' id='word_1_336' title='bbox 958 4086 985 4136; x_wconf 90' lang='lat' dir='ltr'>B.</span> <span class='ocrx_word' id='word_1_337' title='bbox 998 4085 1027 4135; x_wconf 89' lang='lat' dir='ltr'>L.</span> <span class='ocrx_word' id='word_1_338' title='bbox 1040 4085 1071 4135; x_wconf 85' lang='lat' dir='ltr'>T.</span> <span class='ocrx_word' id='word_1_339' title='bbox 1084 4085 1120 4149; x_wconf 86' lang='lat'>11,</span> <span class='ocrx_word' id='word_1_340' title='bbox 1132 4105 1158 4156; x_wconf 93' lang='lat' dir='ltr'>p.</span> <span class='ocrx_word' id='word_1_341' title='bbox 1172 4083 1212 4136; x_wconf 79' lang='lat'>26.</span> 
     </span>
     <span class='ocr_line' id='line_1_41' title="bbox 239 4165 1254 4244; baseline -0.006 -20"><span class='ocrx_word' id='word_1_342' title='bbox 239 4168 281 4244; x_wconf 85' lang='lat' dir='ltr'>(a)</span> <span class='ocrx_word' id='word_1_343' title='bbox 291 4169 358 4222; x_wconf 87' lang='lat' dir='ltr'>Vide</span> <span class='ocrx_word' id='word_1_344' title='bbox 373 4171 454 4221; x_wconf 82' lang='lat' dir='ltr'>Notit.</span> <span class='ocrx_word' id='word_1_345' title='bbox 472 4171 560 4223; x_wconf 61' lang='grc' dir='ltr'>ΗΜ.</span> <span class='ocrx_word' id='word_1_346' title='bbox 577 4169 611 4222; x_wconf 87' lang='lat' dir='ltr'>de</span> <span class='ocrx_word' id='word_1_347' title='bbox 627 4167 710 4223; x_wconf 86' lang='lat' dir='ltr'>Codd</span> <span class='ocrx_word' id='word_1_348' title='bbox 788 4167 826 4238; x_wconf 79' lang='grc'>(4)</span> <span class='ocrx_word' id='word_1_349' title='bbox 836 4166 935 4219; x_wconf 79' lang='lat' dir='ltr'>Prodiit</span> <span class='ocrx_word' id='word_1_350' title='bbox 951 4168 1067 4232; x_wconf 79' lang='lat' dir='ltr'>Parisiis,</span> <span class='ocrx_word' id='word_1_351' title='bbox 1092 4183 1151 4217; x_wconf 87' lang='lat' dir='ltr'>ann.</span> <span class='ocrx_word' id='word_1_352' title='bbox 1175 4165 1254 4234; x_wconf 74' lang='lat'>1783,</span> 
     </span>
     <span class='ocr_line' id='line_1_42' title="bbox 194 4247 849 4315; baseline -0.014 -6"><span class='ocrx_word' id='word_1_353' title='bbox 194 4249 390 4309; x_wconf 72' lang='lat' dir='ltr'>PbadriMSS.</span> <span class='ocrx_word' id='word_1_354' title='bbox 403 4255 434 4303; x_wconf 82' lang='lat' dir='ltr'>n·</span> <span class='ocrx_word' id='word_1_355' title='bbox 448 4267 471 4305; x_wconf 81' lang='lat' dir='ltr'>a.</span> <span class='ocrx_word' id='word_1_356' title='bbox 697 4286 700 4295; x_wconf 84' lang='lat'><em>·</em></span> <span class='ocrx_word' id='word_1_357' title='bbox 751 4247 849 4315; x_wconf 37' lang='lat' dir='ltr'>iss-ra..</span> 
     </span>
     <span class='ocr_line' id='line_1_43' title="bbox 279 4334 1080 4395; baseline -0.01 0"><span class='ocrx_word' id='word_1_358' title='bbox 279 4359 301 4395; x_wconf 83' lang='lat' dir='ltr'>r.</span> <span class='ocrx_word' id='word_1_359' title='bbox 1050 4334 1080 4388; x_wconf 79' lang='lat'>18</span> 
     </span>
    </p>
   </div>
   <div class='ocr_carea' id='block_1_4' title="bbox 0 0 1450 5018">
    <p class='ocr_par' dir='ltr' id='par_1_4' title="bbox 0 0 1450 5018">
     <span class='ocr_line' id='line_1_44' title="bbox 0 0 1450 5018; baseline 0 0"><span class='ocrx_word' id='word_1_360' title='bbox 0 0 1450 5018; x_wconf 95' lang='lat' dir='ltr'> </span> 
     </span>
    </p>
   </div>
  </div>
 </body>
</html>
