2820 5018
463 451 527 514 an
549 448 642 512 um.
666 447 704 510 11
728 447 823 509 mu.
848 447 934 511 vu.
1157 453 1220 535 543

175 589 231 649 Sed
248 591 306 651 viri
324 591 421 668 docti,
441 594 573 651 maxime
588 594 802 664 Burmannus,
815 588 884 670 jure
900 590 1098 653 vindicarunt
1116 596 1221 677 vulga·
1295 654 1306 669 ,

174 691 254 755 tam,
269 683 319 740 cui
330 684 422 740 etiam
435 680 539 742 favent
551 680 631 754 loca,
646 681 679 739 iu
691 680 778 738 Notis
792 678 950 760 producta.
964 682 1043 741 Nam
1057 684 1140 744 uude
1153 707 1224 767 pro·

175 765 315 842 babitur,
330 769 444 828 caedem
457 790 520 828 nou
533 789 596 828 esse
607 767 739 827 factam?
751 769 846 826 immo
859 787 933 826 vero
945 768 1090 829 credibile
1104 786 1161 847 est,
1174 772 1224 834 fis-

174 875 225 914 cos
242 877 312 916 cum
329 860 458 938 pecunia
474 878 538 917 non
553 856 646 916 fuisse
662 856 727 915 sine
743 855 936 929 custodibus,
954 858 1008 937 qui
1024 879 1094 918 cum
1110 862 1223 923 mulio·

176 944 269 1002 nibus
283 959 372 1004 antea
388 945 434 1005 vel
452 945 626 1020 occidendi,
643 944 690 1003 vel
706 943 904 1017 vulnerandi,
919 942 968 1001 vel
983 944 1015 1002 in
1031 943 1136 1026 fugam
1150 970 1223 1011 con·

177 1033 314 1093 vertendi
330 1051 418 1096 erant
434 1058 452 1096 a
466 1035 654 1109 latronibus,
666 1054 761 1115 quam
775 1032 808 1092 bi
823 1033 955 1115 diripere
968 1053 1079 1093 numos
1092 1054 1223 1116 possent.

176 1121 252 1197 Quis
269 1123 362 1202 igitur
377 1124 520 1185 dubitare
537 1126 648 1206 possit,
665 1123 779 1184 eaedem
793 1144 856 1183 esse
872 1122 1004 1182 factam?
1020 1126 1119 1205 Atque
1132 1130 1225 1189 etiam

175 1231 241 1270 nou
259 1215 324 1272 sine
339 1234 443 1274 caussa
458 1215 569 1295 quaerit
584 1216 803 1274 Burmannus:
823 1215 848 1272 si
867 1212 964 1273 caedes
982 1233 1046 1273 nou
1062 1214 1144 1275 facta
1164 1231 1224 1293 est,

175 1301 251 1380 quid
268 1323 344 1383 opus
358 1317 422 1362 erat
436 1301 535 1363 ferro?
551 1304 644 1363 Plura
661 1303 781 1362 dabunt
794 1303 891 1363 Notae.
907 1304 1050 1363 Heinsius
1066 1304 1226 1389 adscripsit

177 1391 310 1469 margini
327 1391 389 1466 vel,
404 1395 531 1472 interque
540 1413 648 1471 sepem,
664 1390 727 1461 vel,
745 1391 958 1473 ntemuefinde,
974 1404 1004 1451 et
1021 1394 1054 1451 in
1072 1394 1127 1474 Ep.
1140 1396 1225 1471 Xlll,

176 1477 216 1537 ad
228 1477 374 1539 Scheffer.
385 1482 514 1561 interque
522 1501 550 1538 se
561 1479 716 1563 dsitrrfeno
726 1476 839 1537 mulum
850 1482 992 1539 trissitant.
1003 1481 1224 1564 Ouveringius,

177 1568 304 1626 Meursii
319 1571 451 1650 vestigiis
470 1570 625 1642 insistens,
643 1567 727 1627 bunc
740 1588 863 1627 versum
877 1571 1053 1649 transponit
1065 1571 1161 1648 (citra
1174 1594 1227 1634 ue·

177 1656 359 1733 cessitatem,
372 1678 470 1738 quum
482 1659 588 1717 omnia
600 1669 679 1716 recte
692 1677 722 1716 se
733 1655 886 1735 habeant)
898 1659 931 1717 in
944 1654 1048 1717 locum
1058 1663 1226 1739 sequentis,

178 1764 236 1825 pro
250 1744 354 1803 cadem
371 1744 474 1825 legens
488 1745 618 1827 pnr’dam
635 1744 721 1805 bunc.

221 1836 376 1892 Trinitant.
390 1836 426 1894 lu
439 1835 520 1894 MSS.
534 1833 614 1894 Pitb.
627 1848 657 1893 et
668 1836 807 1893 Remens.
820 1845 864 1893 est
875 1832 1033 1905 trucidant,
1045 1833 1126 1916 quod
1138 1857 1227 1919 repu-

175 1934 250 2000 gnat
265 1933 295 1979 et
312 1921 435 1981 iambici
452 1942 554 1982 versus
571 1935 682 1996 metro,
696 1935 726 1980 et
739 1921 869 1981 veritati.
880 1920 949 1980 Vid.
964 1941 1042 1980 vers.
1061 1942 1104 1980 12.
1119 1923 1166 1982 Sic
1180 1936 1227 1984 ta·

176 2031 247 2070 meu
264 2010 360 2070 edidit
374 2010 450 2071 liob.
466 2015 592 2072 Prevost.
609 2011 709 2072 Facile
725 2025 828 2071 autem
844 2011 1041 2091 intelligitur,
1060 2010 1227 2072 Phaedrum
1250 2012 1254 2021 '

177 2098 208 2158 b.
227 2100 247 2159 l.
266 2121 354 2159 usum
372 2121 435 2160 esse
450 2100 563 2173 verbo,
583 2102 668 2182 quod
686 2100 882 2182 responderet
896 2108 933 2179 τῷ
949 2099 1031 2160 loestrs
1045 2099 1162 2161 vnlrnre
1175 2103 1226 2164 Vs.

182 2211 230 2263 12,
247 2190 297 2250 scd
315 2192 426 2250 rariori
442 2204 473 2250 et
488 2190 673 2267 difficiliori,
690 2191 772 2272 quod
788 2191 898 2251 deinde
913 2212 932 2250 a
948 2190 1077 2250 rudibus
1093 2190 1227 2252 librariis

178 2378 332 2426 ravemnt.
351 2368 502 2426 Meursius
518 2365 658 2447 conjicit,
680 2365 805 2427 multum
825 2371 981 2441 tunsitant,
1003 2366 1133 2427 verbum
1155 2388 1229 2427 uus

178 2477 273 2538 quam
289 2456 363 2515 alibi
379 2455 520 2529 obvium3
538 2456 584 2516 vel
603 2456 737 2516 tuditant.
752 2456 798 2514 Sic
816 2454 912 2516 edidit
927 2454 1070 2514 Didotus.
1085 2454 1226 2516 liittersb,

177 2543 308 2603 Nevelet.
325 2544 427 2622 Ursiu.
445 2544 542 2603 Gron.
557 2542 674 2603 Walch.
693 2546 845 2617 tonsitant,
864 2542 951 2624 quod
967 2556 997 2602 et
1012 2542 1111 2624 placet
1126 2542 1227 2604 Schel-

177 2631 260 2705 fero,
277 2633 331 2691 etsi
347 2631 434 2691 nullo
452 2630 592 2713 exemplo
610 2628 800 2704 affirmetur,
817 2629 877 2690 hoc
895 2652 986 2691 sensu
1002 2630 1092 2692 firisse
1108 2632 1140 2691 in
1158 2653 1226 2692 usu.

178 2723 339 2804 Explicant
355 2734 474 2794 autem,
492 2720 653 2779 vulnerare
671 2721 704 2778 iu
722 2730 856 2778 extrema
872 2736 951 2779 cute.
968 2720 1029 2779 vid.
1047 2719 1158 2779 scheff.
1180 2724 1230 2781 Pi·

179 2812 280 2869 thoeus
301 2809 516 2869 emendaverat
538 2807 697 2880 minitant,
724 2820 799 2865 teste
822 2807 983 2866 Brotierio.
1008 2809 1166 2882 Sanciant,
1193 2828 1229 2867 ex

179 2898 308 2955 Heinsio
319 2897 538 2975 excogitatum,
549 2894 664 2976 placuit
675 2892 825 2968 Bentlei03
838 2914 934 2972 quam
945 2891 1155 2971 conjecturam
1165 2914 1230 2954 cor·

180 2984 304 3044 roborat
321 2983 422 3043 Codex
440 2983 568 3054 Perotti,
586 2984 619 3042 in
638 3002 701 3063 quo
719 2982 832 3062 legitur
846 2984 995 3053 sauciant,
1013 2980 1096 3060 quod
1113 3001 1230 3062 recepe·

179 3083 254 3134 runt
265 3069 472 3151 Cuniugham.
488 3068 619 3152 Philipp.
633 3068 817 3129 Lallemant.
832 3069 956 3128 Brotier.
970 3068 1138 3127 Desbillon.
1151 3071 1189 3127 At
1203 3070 1229 3128 si

180 3161 344 3242 scripsisset
361 3158 507 3219 Phaedrus
521 3163 669 3233 sauciant,
687 3157 759 3218 inde
775 3178 840 3217 non
857 3172 959 3218 ortum
978 3170 1052 3217 esset
1069 3156 1230 3231 tumidant,

181 3248 264 3332 quod
275 3249 363 3308 estin
375 3247 461 3307 libris
474 3248 601 3330 scriptis.
617 3246 662 3307 Cf.
677 3245 805 3329 Epltem.
821 3246 959 3325 Gottiug.
978 3242 1067 3325 1784,
1082 3244 1163 3303 Part.
1178 3245 1229 3326 67.

182 3341 288 3420 ltaque
298 3337 335 3398 cl.
345 3336 535 3397 Tzsehuckio
545 3342 575 3399 τὸ
587 3339 720 3397 sanciant
729 3357 764 3396 ex
773 3336 870 3416 glossa
883 3333 1065 3395 difficilioris
1075 3333 1231 3415 irrepsisse

181 3444 261 3491 recte
277 3428 405 3489 videtur.
421 3430 618 3489 Burmannus
633 3425 756 3509 conjicit
771 3427 939 3500 lancinant,
958 3427 1007 3485 cui
1023 3424 1147 3485 lectioni
1165 3428 1232 3507 ipse

183 3539 248 3577 non
263 3517 395 3577 multum
408 3516 528 3589 tribuit,
545 3516 643 3598 placet
653 3529 757 3576 tamen
770 3514 956 3596 Bipontinis,
971 3512 1025 3592 qui
1039 3525 1230 3593 receperunt.

183 3606 336 3688 Plerique,
350 3619 504 3688 praeeunte
515 3604 663 3688 Rigaltio,
677 3605 785 3686 legunt
796 3605 943 3675 trusirent,
954 3599 1035 3681 quod
1048 3598 1086 3659 ad
1097 3602 1230 3681 priscam

183 3695 280 3754 Codd.
292 3697 372 3756 MSS.
388 3697 569 3778 scripturam
582 3693 696 3755 accedit
708 3694 859 3777 proxime3
872 3691 927 3751 etsi
941 3711 995 3750 uec
1007 3690 1048 3748 sic
1059 3688 1160 3749 omnis
1171 3688 1230 3748 tol·

183 3781 265 3840 latur
281 3784 449 3866 serupulus.
467 3783 610 3844 lleinsius
625 3782 758 3863 denique
774 3781 832 3861 legi
848 3800 935 3862 posse
952 3778 1094 3860 putabat,
1111 3778 1229 3835 incursi·

186 3880 261 3942 tant,
275 3870 336 3929 vid.
351 3872 442 3932 Notas
459 3872 591 3944 lleiusii3
608 3884 640 3931 at
656 3870 822 3930 Salmasius
839 3870 972 3939 tusitant,
988 3877 1062 3925 teste
1074 3862 1187 3924 Gudio.
