2820 5018
179 440 243 525 278
549 433 614 499 na
637 432 856 497 suanno

176 576 287 637 audeat
304 576 347 635 ire
362 570 496 647 inficias,
515 572 654 653 quaedam
673 572 704 630 in
723 570 804 630 hisce
822 569 935 629 fabulis
949 588 1015 632 esse
1032 582 1183 654 corrupta
1198 584 1225 631 et

178 663 362 746 interpolata
380 661 544 743 (Exempla
562 660 802 742 suppeditabunt
819 670 898 719 notae
916 662 1064 735 nostrae),
1083 659 1178 734 adeo,
1194 673 1225 718 ut

173 750 239 833 jam
251 751 325 810 olim
338 749 478 809 Barthius
488 752 529 829 (1)
543 770 638 808 unam
651 750 816 808 alteramve
829 746 976 807 fabellam
988 762 1165 831 suspectam
1178 745 1224 805 lu·

177 839 277 912 beret,
289 839 436 920 temporis
454 858 590 897 successu
604 837 644 896 ab
660 837 806 917 iniquiori
823 856 917 896 manu
929 836 1147 919 suppositam?
1157 836 1224 911 Qut

177 927 297 998 omnia,
317 946 357 984 ne
376 926 489 984 molem
510 925 729 984 dissertationis
746 944 889 1004 augeam,
909 945 995 985 nunc
1013 923 1164 1007 exemplis
1179 920 1223 980 lir·

176 1033 262 1073 mare
275 1035 340 1073 uon
355 1014 446 1074 lubet.
462 1014 576 1073 Eadem
588 1014 626 1072 de
637 1034 740 1072 caussa
754 1012 814 1072 alia
828 1032 954 1094 quoque
969 1014 1095 1073 silentio
1110 1026 1223 1094 praster-

178 1102 281 1174 mitto,
302 1123 371 1185 qua)
387 1117 417 1162 et
431 1101 583 1162 diluendis
600 1101 848 1161 adversariorum
864 1102 1074 1181 argumentis,
1088 1114 1120 1160 et
1135 1096 1225 1158 vindi-

179 1191 286 1249 canda
317 1190 439 1251 Phaedri
466 1197 616 1270 γιησιότητι
640 1191 784 1250 inservire
810 1190 944 1271 possint:
971 1192 1005 1250 in
1028 1189 1146 1273 quibus
1166 1206 1223 1245 uon

180 1280 291 1341 ultimo
305 1280 375 1340 loco
394 1283 469 1363 poni
489 1303 577 1364 posse
594 1280 730 1354 videtur,
749 1280 831 1359 quod
849 1282 882 1339 iu
899 1280 1032 1341 Phoedro
1054 1299 1120 1341 nou
1136 1294 1224 1361 pauca

179 1382 358 1443 occurrant,
367 1370 495 1429 obscene
506 1385 535 1429 et
547 1369 672 1428 liberius
684 1368 780 1441 dicta,
793 1369 826 1426 in
837 1369 977 1442 Perotto,
990 1365 1124 1427 bomine
1134 1362 1225 1425 Chris·

180 1456 267 1514 tiano
287 1471 317 1516 ct
336 1456 500 1531 Pontifice‚
521 1460 571 1516 vix
589 1456 728 1528 ferenda,
750 1474 819 1536 quae
839 1476 886 1514 res
904 1457 937 1514 in
957 1455 1102 1535 quodam
1119 1448 1222 1511 Per-otti

181 1546 402 1625 epigrammate
425 1548 518 1607 etiam
542 1548 756 1606 burmanuum
778 1543 910 1605 offendit
919 1546 969 1622 (a)
998 1545 1110 1603 Unum
1130 1554 1220 1599 tamen

182 1652 245 1690 non
261 1652 383 1713 possum
398 1638 475 1716 quin
490 1635 547 1694 hoc
563 1635 628 1695 loco
641 1634 841 1715 subjungam,
856 1655 891 1692 ex
905 1653 967 1713 quo
981 1631 1117 1711 intelligi
1131 1627 1222 1711 poedt,

183 1741 281 1800 quum
293 1744 368 1803 quas
382 1745 480 1806 nugas
493 1726 656 1804 ineptiasve
667 1724 723 1783 sibi
736 1722 933 1787 indulserint,
947 1721 1002 1799 qui
1015 1718 1142 1777 fabulas
1150 1713 1223 1775 Phe

182 1807 238 1868 dm
250 1809 443 1889 abjudicant,
454 1827 521 1868 turn
533 1825 684 1889 quautam
695 1814 757 1866 vim
771 1809 897 1866 fecerint
909 1806 1008 1866 verbis
1024 1804 1163 1877 Pboedri,
1171 1801 1224 1861 bat

183 1896 308 1978 quidem
320 1897 358 1956 ad
373 1900 534 1956 Perottum
548 1895 772 1955 transferentes.
785 1896 832 1953 Sic
843 1893 1076 1967 blarebesellus,
1092 1907 1129 1953 ut
1140 1908 1224 1952 ortm-

184 1985 283 2059 deret,
296 1986 483 2068 probabilius
494 2006 569 2059 csse,
578 1985 631 2044 lib.
645 1985 698 2058 w,
713 1982 777 2042 fab.
790 1983 897 2055 XXIV,
912 1984 1062 2064 scriptam
1074 2002 1139 2043 esse
1150 2003 1168 2041 a
1181 1980 1223 2039 Pe

185 2088 280 2151 rotto,
295 2098 390 2157 quam
403 2075 546 2149 Phaedro,
564 2074 643 2134 banc
658 2073 748 2133 audet
760 2071 983 2153 conjecturam:
1003 2072 1054 2132 die
1067 2070 1223 2149 Ermum

187 2185 252 2223 vom
269 2164 445 2237 Simonides,
463 2162 514 2223 der
531 2185 595 2223 vern
615 2165 717 2223 Castor
734 2160 796 2220 und
811 2158 918 2220 Pollux
933 2159 1116 2220 wundrrbar
1129 2166 1225 2241 ,aas

187 2252 317 2327 worden,
341 2251 448 2313 scheiut
464 2256 521 2311 mir
538 2252 593 2312 viel
608 2249 758 2311 iilrnliclres
773 2253 825 2309 ruit
841 2272 946 2310 urnern
964 2246 1224 2332 Heiliqenleqendu

189 2363 224 2400 zu
244 2339 348 2402 lrabeat.
369 2344 553 2423 Weuipstrns
570 2339 679 2400 sclam
693 2342 734 2399 sie
751 2336 828 2399 eracli
847 2337 912 2398 dem
926 2340 1043 2397 illuster
1056 2337 1112 2398 der
1124 2334 1224 2396 rubo

192 2429 327 2491 Wunder
342 2429 394 2489 der
409 2428 591 2490 cleristliclren
607 2426 715 2489 trimae
727 2426 872 2512 erfuruleu
888 2448 923 2485 w
940 2447 1021 2506 scyra.
1038 2426 1111 2502 Qua
1126 2426 1225 2511 ration

191 2532 294 2576 autern
315 2518 447 2577 violenta
469 2518 549 2577 idem
571 2519 617 2577 vir
637 2517 743 2576 doctus
763 2517 855 2576 verba
878 2513 999 2574 Phaedri
1022 2514 1061 2575 ad
1086 2517 1223 2575 Perottu-

190 2607 369 2682 transferat,
386 2608 499 2667 docebo
516 2608 585 2688 ipsis
601 2605 791 2667 Marchcselli
805 2606 916 2678 verbis,
931 2628 949 2664 a
966 2605 1013 2664 Cl.
1028 2606 1064 2664 E.
1077 2606 1113 2664 A.
1130 2599 1225 2664 Schmi-

192 2694 242 2755 dio
252 2695 293 2773 (3)
313 2701 485 2774 germanice
503 2699 602 2756 versis.
625 2698 723 2755 allier
742 2698 793 2770 ist,
807 2696 921 2775 inquit,
942 2695 1046 2752 meine
1063 2691 1154 2753 aehte
1168 2692 1225 2749 Vs»

193 2781 357 2864 muthung.
375 2785 476 2844 Dicscr
491 2788 585 2844 rlutor
600 2787 637 2844 ist
650 2784 791 2845 Nicolaus
805 2787 956 2857 Perottus,
972 2782 1029 2841 der
1045 2781 1127 2841 oben
1139 2794 1223 2859 wega

192 2873 244 2933 des
255 2872 410 2953 gelelirtcn
424 2874 594 2935 Diebstalrls
605 2873 803 2956 vertheidiget
815 2873 954 2947 worden,
966 2875 999 2932 in
1012 2872 1121 2933 dassen
1132 2872 1224 2930 Persa

192 2963 251 3024 alle
261 2963 613 3046 dieseScliwierigkeiten
623 2964 761 3045 geboben
771 2965 1023 3025 sind.Erstaunet
1033 2960 1226 3036 nichenam

193 3055 296 3128 Lesrr,
310 3055 373 3114 und
390 3054 460 3116 lasst
474 3078 531 3116 uns
547 3056 607 3115 den
625 3055 748 3135 rlnfang
763 3054 814 3114 des
831 3054 972 3112 Reweises
986 3051 1088 3111 damit
1100 3047 1225 3117 macbem

194 3140 261 3201 dass
278 3145 333 3202 wir
349 3145 428 3204 diese
442 3145 532 3205 letzte
547 3143 610 3203 und
627 3142 749 3203 nachste
760 3140 984 3223 Schwierigkeit
1001 3163 1057 3201 aris
1070 3141 1140 3201 dem
1152 3139 1226 3215 wege

195 3240 337 3303 r'aumen,
356 3255 402 3292 wo
422 3256 467 3308 er,
487 3235 618 3293 meinent
637 3230 803 3292 bedunlten
822 3228 915 3304 nach,
934 3228 998 3288 sich
1018 3225 1225 3305 kurzsichtign

196 3318 301 3396 Augen
318 3340 356 3377 zu
374 3322 539 3402 rerbcrgeu
558 3317 676 3393 sucbte,
694 3320 766 3380 aber
779 3319 839 3380 den
856 3316 1110 3399 scharfsicbtigen
1125 3312 1183 3377 siclt
1195 3328 1226 3369 Ν

198 3495 263 3544 rado
276 3495 330 3547 hnc
344 3511 482 3552 notantur:
500 3525 511 3547 ι
523 3502 618 3570 Cujus,
634 3511 662 3551 ut
677 3512 701 3552 et
742 3500 815 3551 tritos
828 3499 919 3550 Atticis
930 3511 957 3549 et
968 3496 1098 3549 educatos
1111 3496 1137 3546 in
1146 3506 1229 3547 W·

198 3574 307 3626 aliorum
320 3577 409 3628 talium
422 3583 520 3649 gratia,
537 3581 630 3652 quibus
647 3599 700 3631 non
742 3581 781 3631 uis
794 3580 904 3631 Romani
914 3577 1022 3631 deliciis.
1037 3601 1048 3623 ι

198 3667 281 3704 servat
294 3674 368 3705 usum
382 3676 539 3709 sunuuorum
554 3662 609 3728 ejus
621 3660 701 3709 atatis
776 3657 813 3727 (ι)
824 3657 959 3712 Adversar.
970 3656 999 3706 L.
1011 3656 1229 3724 xxxv,esp.²1,

199 3744 350 3797 auctorum,
367 3754 426 3784 eum
439 3735 503 3784 velle
518 3735 641 3786 damnare
656 3755 702 3786 sae-
742 3736 800 3787 roll.
814 3738 842 3786 L.
857 3737 930 3797 XXl,
942 3754 999 3805 cap.
1014 3734 1039 3785 3.

200 3811 329 3873 culosuo,
340 3816 398 3864 etin
407 3815 551 3866 barbariem
560 3816 701 3880 transdere,
777 3814 816 3885 (a)
826 3814 930 3866 Christii
944 3812 1045 3865 Prolus.
1058 3833 1087 3885 p.
1099 3813 1147 3879 45,
1157 3805 1232 3882 qulb-

200 3912 262 3945 saue
277 3893 352 3944 uobis
370 3895 498 3964 integrmn
511 3914 566 3946 non
583 3898 643 3960 erit,
656 3896 702 3947 ubi
742 3898 829 3948 berius
845 3894 914 3946 dicta
929 3895 957 3945 iu
972 3893 1074 3945 Phaedri
1091 3891 1182 3944 fabulis
1193 3888 1233 3940 ba·

199 3973 434 4041 considerabimus,
466 3976 598 4028 homiuem
618 3976 703 4028 Thra·
742 3976 852 4026 maniter
862 3987 1009 4044 temporum
1020 3990 1050 4024 ac
1058 3964 1234 4024 uenienti

200 4057 268 4107 cium
286 4055 508 4127 (Macedonem),
525 4057 570 4109 diu
587 4078 701 4123 servum,
742 4066 862 4125 respectu
872 4072 902 4104 ac
915 4051 1031 4103 moribus
1040 4062 1155 4103 excusat.

199 4155 253 4188 non
276 4136 366 4210 paullo
388 4137 508 4190 debuisse
532 4139 702 4191 inconsultius
776 4134 816 4204 (3)
825 4132 976 4185 bibliothec.
987 4131 1080 4184 Ducal.
1094 4128 1236 4183 wimar-'er

199 4213 285 4287 loqui,
301 4236 379 4288 quam
392 4216 450 4271 illos
463 4219 613 4289 Magnetes,
627 4220 703 4271 inna-
743 4216 776 4266 sis
788 4212 928 4284 splendida
939 4212 974 4265 ab
983 4209 1116 4282 Epistolis
