<?xml version="1.0" encoding="UTF-8"?>
<!DOCTYPE html PUBLIC "-//W3C//DTD XHTML 1.0 Transitional//EN"
    "http://www.w3.org/TR/xhtml1/DTD/xhtml1-transitional.dtd">
<html xmlns="http://www.w3.org/1999/xhtml" xml:lang="en" lang="en">
 <head>
  <title>
</title>
<meta http-equiv="Content-Type" content="text/html;charset=utf-8" />
  <meta name='ocr-system' content='tesseract 3.04.00' />
  <meta name='ocr-capabilities' content='ocr_page ocr_carea ocr_par ocr_line ocrx_word'/>
</head>
<body>
  <div class='ocr_page' id='page_1' title='image "./phdrifabularums00jacogoog_0468.png"; bbox 0 0 2820 5018; ppageno 0'>
   <div class='ocr_carea' id='block_1_1' title="bbox 420 444 759 521">
    <p class='ocr_par' dir='ltr' id='par_1_1' title="bbox 420 444 759 521">
     <span class='ocr_line' id='line_1_1' title="bbox 420 444 759 521; baseline -0.006 -13"><span class='ocrx_word' id='word_1_1' title='bbox 420 445 512 509; x_wconf 88' lang='lat' dir='ltr'>LlB.</span> <span class='ocrx_word' id='word_1_2' title='bbox 537 444 591 521; x_wconf 93' lang='lat' dir='ltr'>ll,</span> <span class='ocrx_word' id='word_1_3' title='bbox 615 445 709 507; x_wconf 81' lang='lat' dir='ltr'>Fan.</span> <span class='ocrx_word' id='word_1_4' title='bbox 733 445 759 506; x_wconf 91' lang='lat' dir='ltr'>l.</span> 
     </span>
    </p>
   </div>
   <div class='ocr_carea' id='block_1_2' title="bbox 71 588 827 785">
    <p class='ocr_par' dir='ltr' id='par_1_2' title="bbox 71 588 827 785">
     <span class='ocr_line' id='line_1_2' title="bbox 71 588 776 677; baseline -0.009 -21"><span class='ocrx_word' id='word_1_5' title='bbox 71 590 237 656; x_wconf 75' lang='lat' dir='ltr'>Praedator</span> <span class='ocrx_word' id='word_1_6' title='bbox 249 592 437 667; x_wconf 86' lang='lat' dir='ltr'>intervenit,</span> <span class='ocrx_word' id='word_1_7' title='bbox 452 606 576 677; x_wconf 80' lang='lat' dir='ltr'>partem</span> <span class='ocrx_word' id='word_1_8' title='bbox 588 588 757 676; x_wconf 85' lang='lat' dir='ltr'>postulans</span> <span class='ocrx_word' id='word_1_9' title='bbox 769 612 776 650; x_wconf 91' lang='lat'>:</span> 
     </span>
     <span class='ocr_line' id='line_1_3' title="bbox 73 694 827 785; baseline -0.008 -24"><span class='ocrx_word' id='word_1_10' title='bbox 73 698 206 776; x_wconf 89' lang='lat' dir='ltr'>Darem,</span> <span class='ocrx_word' id='word_1_11' title='bbox 221 699 340 785; x_wconf 92' lang='lat' dir='ltr'>inquit,</span> <span class='ocrx_word' id='word_1_12' title='bbox 355 698 416 759; x_wconf 90' lang='lat' dir='ltr'>nisi</span> <span class='ocrx_word' id='word_1_13' title='bbox 430 694 550 758; x_wconf 81' lang='lat' dir='ltr'>soleres·</span> <span class='ocrx_word' id='word_1_14' title='bbox 563 716 622 781; x_wconf 88' lang='lat' dir='ltr'>per</span> <span class='ocrx_word' id='word_1_15' title='bbox 633 710 666 757; x_wconf 91' lang='lat' dir='ltr'>te</span> <span class='ocrx_word' id='word_1_16' title='bbox 680 715 827 757; x_wconf 87' lang='lat' dir='ltr'>sumere:</span> 
     </span>
    </p>
   </div>
   <div class='ocr_carea' id='block_1_3' title="bbox 70 852 1116 990">
    <p class='ocr_par' dir='ltr' id='par_1_3' title="bbox 70 852 1116 990">
     <span class='ocr_line' id='line_1_4' title="bbox 70 852 1113 916; baseline 0.002 -15"><span class='ocrx_word' id='word_1_17' title='bbox 70 861 226 903; x_wconf 81' lang='lat' dir='ltr'>insuavitatem</span> <span class='ocrx_word' id='word_1_18' title='bbox 240 871 263 903; x_wconf 88' lang='lat' dir='ltr'>et</span> <span class='ocrx_word' id='word_1_19' title='bbox 276 858 382 903; x_wconf 88' lang='lat' dir='ltr'>duritiam</span> <span class='ocrx_word' id='word_1_20' title='bbox 397 855 507 909; x_wconf 81' lang='lat' dir='ltr'>elisionis,</span> <span class='ocrx_word' id='word_1_21' title='bbox 522 870 587 909; x_wconf 86' lang='lat' dir='ltr'>cum,</span> <span class='ocrx_word' id='word_1_22' title='bbox 602 863 634 898; x_wconf 88' lang='lat' dir='ltr'>ut.</span> <span class='ocrx_word' id='word_1_23' title='bbox 649 852 835 914; x_wconf 74' lang='lat' dir='ltr'>Cuninglramus:</span> <span class='ocrx_word' id='word_1_24' title='bbox 848 855 871 899; x_wconf 89' lang='lat' dir='ltr'>S.</span> <span class='ocrx_word' id='word_1_25' title='bbox 882 856 901 916; x_wconf 76' lang='lat'>1¹.</span> <span class='ocrx_word' id='word_1_26' title='bbox 915 855 968 899; x_wconf 84' lang='lat' dir='ltr'>dum</span> <span class='ocrx_word' id='word_1_27' title='bbox 982 864 1034 902; x_wconf 81' lang='lat' dir='ltr'>stet.</span> <span class='ocrx_word' id='word_1_28' title='bbox 1047 882 1078 892; x_wconf 93' lang='lat'><em>-</em></span> <span class='ocrx_word' id='word_1_29' title='bbox 1091 873 1113 903; x_wconf 86' lang='lat' dir='ltr'>a.</span> 
     </span>
     <span class='ocr_line' id='line_1_5' title="bbox 72 924 1116 990; baseline 0.001 -19"><span class='ocrx_word' id='word_1_30' title='bbox 72 930 191 975; x_wconf 81' lang='lat' dir='ltr'>Heinsius:</span> <span class='ocrx_word' id='word_1_31' title='bbox 205 930 284 975; x_wconf 83' lang='lat' dir='ltr'>l&#39;raedo</span> <span class='ocrx_word' id='word_1_32' title='bbox 296 932 413 974; x_wconf 82' lang='lat' dir='ltr'>intervenit</span> <span class='ocrx_word' id='word_1_33' title='bbox 422 925 539 990; x_wconf 75' lang='lat' dir='ltr'>postulans</span> <span class='ocrx_word' id='word_1_34' title='bbox 549 934 636 987; x_wconf 81' lang='lat' dir='ltr'>partem</span> <span class='ocrx_word' id='word_1_35' title='bbox 648 924 728 986; x_wconf 79' lang='lat' dir='ltr'>lupus,</span> <span class='ocrx_word' id='word_1_36' title='bbox 739 927 795 987; x_wconf 80' lang='lat' dir='ltr'>quia</span> <span class='ocrx_word' id='word_1_37' title='bbox 808 941 877 987; x_wconf 83' lang='lat' dir='ltr'>supra</span> <span class='ocrx_word' id='word_1_38' title='bbox 889 925 928 972; x_wconf 86' lang='lat' dir='ltr'>lib.</span> <span class='ocrx_word' id='word_1_39' title='bbox 942 927 964 982; x_wconf 90' lang='lat' dir='ltr'>l,</span> <span class='ocrx_word' id='word_1_40' title='bbox 977 926 1024 972; x_wconf 85' lang='lat' dir='ltr'>lab.</span> <span class='ocrx_word' id='word_1_41' title='bbox 1035 928 1057 982; x_wconf 90' lang='lat' dir='ltr'>l,</span> <span class='ocrx_word' id='word_1_42' title='bbox 1071 928 1116 972; x_wconf 79' lang='lat' dir='ltr'>Le-</span> 
     </span>
    </p>
   </div>
   <div class='ocr_carea' id='block_1_4' title="bbox 74 996 1115 1112">
    <p class='ocr_par' dir='ltr' id='par_1_4' title="bbox 74 996 1115 1112">
     <span class='ocr_line' id='line_1_6' title="bbox 74 996 1115 1063; baseline 0 -21"><span class='ocrx_word' id='word_1_43' title='bbox 74 1007 121 1053; x_wconf 86' lang='lat' dir='ltr'>tro‚</span> <span class='ocrx_word' id='word_1_44' title='bbox 138 1000 213 1045; x_wconf 85' lang='lat' dir='ltr'>dictur</span> <span class='ocrx_word' id='word_1_45' title='bbox 226 999 301 1063; x_wconf 89' lang='lat' dir='ltr'>lupus.</span> <span class='ocrx_word' id='word_1_46' title='bbox 315 1000 432 1061; x_wconf 83' lang='lat' dir='ltr'>lmprobat</span> <span class='ocrx_word' id='word_1_47' title='bbox 447 1002 605 1054; x_wconf 76' lang='lat' dir='ltr'>Burmannus,</span> <span class='ocrx_word' id='word_1_48' title='bbox 617 1012 689 1060; x_wconf 88' lang='lat' dir='ltr'>quum</span> <span class='ocrx_word' id='word_1_49' title='bbox 701 996 730 1042; x_wconf 85' lang='lat' dir='ltr'>de</span> <span class='ocrx_word' id='word_1_50' title='bbox 745 997 800 1058; x_wconf 88' lang='lat' dir='ltr'>lupo</span> <span class='ocrx_word' id='word_1_51' title='bbox 814 996 851 1043; x_wconf 86' lang='lat' dir='ltr'>lric</span> <span class='ocrx_word' id='word_1_52' title='bbox 862 1001 898 1059; x_wconf 71' lang='lat' dir='ltr'>agi</span> <span class='ocrx_word' id='word_1_53' title='bbox 910 997 998 1043; x_wconf 87' lang='lat' dir='ltr'>nullum</span> <span class='ocrx_word' id='word_1_54' title='bbox 1012 1000 1040 1043; x_wconf 83' lang='lat' dir='ltr'>sit</span> <span class='ocrx_word' id='word_1_55' title='bbox 1052 997 1115 1043; x_wconf 82' lang='lat' dir='ltr'>indi-</span> 
     </span>
     <span class='ocr_line' id='line_1_7' title="bbox 74 1082 142 1112; baseline 0.015 -1"><span class='ocrx_word' id='word_1_56' title='bbox 74 1082 142 1112; x_wconf 61' lang='lat' dir='ltr'>ctum·</span> 
     </span>
    </p>
   </div>
   <div class='ocr_carea' id='block_1_5' title="bbox 73 1190 1125 4200">
    <p class='ocr_par' dir='ltr' id='par_1_5' title="bbox 73 1190 1125 4200">
     <span class='ocr_line' id='line_1_8' title="bbox 74 1190 1115 1264; baseline -0.001 -23"><span class='ocrx_word' id='word_1_57' title='bbox 74 1210 147 1242; x_wconf 79' lang='lat' dir='ltr'>snarn</span> <span class='ocrx_word' id='word_1_58' title='bbox 160 1195 312 1263; x_wconf 83' lang='lat' dir='ltr'>opinionem</span> <span class='ocrx_word' id='word_1_59' title='bbox 326 1191 443 1244; x_wconf 81' lang='lat' dir='ltr'>laudabit</span> <span class='ocrx_word' id='word_1_60' title='bbox 456 1193 571 1264; x_wconf 78' lang='lat' dir='ltr'>Heynius</span> <span class='ocrx_word' id='word_1_61' title='bbox 616 1207 661 1255; x_wconf 86' lang='lat' dir='ltr'>tr,</span> <span class='ocrx_word' id='word_1_62' title='bbox 675 1202 804 1242; x_wconf 73' lang='lat' dir='ltr'>uvenator</span> <span class='ocrx_word' id='word_1_63' title='bbox 814 1210 875 1242; x_wconf 86' lang='lat' dir='ltr'>vero</span> <span class='ocrx_word' id='word_1_64' title='bbox 886 1190 942 1257; x_wconf 86' lang='lat' dir='ltr'>ille,</span> <span class='ocrx_word' id='word_1_65' title='bbox 956 1191 1040 1262; x_wconf 67' lang='lat' dir='ltr'>pergit</span> <span class='ocrx_word' id='word_1_66' title='bbox 1049 1190 1115 1241; x_wconf 87' lang='lat' dir='ltr'>Bnr-</span> 
     </span>
     <span class='ocr_line' id='line_1_9' title="bbox 75 1271 1117 1344; baseline -0.001 -24"><span class='ocrx_word' id='word_1_67' title='bbox 75 1285 232 1323; x_wconf 78' lang='lat' dir='ltr'>contextum.</span> <span class='ocrx_word' id='word_1_68' title='bbox 247 1276 344 1325; x_wconf 85' lang='lat' dir='ltr'>Verum</span> <span class='ocrx_word' id='word_1_69' title='bbox 357 1292 388 1324; x_wconf 81' lang='lat' dir='ltr'>en</span> <span class='ocrx_word' id='word_1_70' title='bbox 402 1272 442 1325; x_wconf 83' lang='lat' dir='ltr'>his</span> <span class='ocrx_word' id='word_1_71' title='bbox 455 1271 518 1344; x_wconf 88' lang='lat' dir='ltr'>quid</span> <span class='ocrx_word' id='word_1_72' title='bbox 532 1293 573 1325; x_wconf 84' lang='lat' dir='ltr'>se-</span> <span class='ocrx_word' id='word_1_73' title='bbox 613 1288 737 1335; x_wconf 81' lang='lat' dir='ltr'>mannus,</span> <span class='ocrx_word' id='word_1_74' title='bbox 759 1272 826 1321; x_wconf 88' lang='lat' dir='ltr'>forte</span> <span class='ocrx_word' id='word_1_75' title='bbox 847 1273 1004 1321; x_wconf 77' lang='lat' dir='ltr'>excitaverat</span> <span class='ocrx_word' id='word_1_76' title='bbox 1020 1271 1117 1339; x_wconf 77' lang='lat' dir='ltr'>juven-</span> 
     </span>
     <span class='ocr_line' id='line_1_10' title="bbox 75 1347 1115 1422; baseline -0.002 -23"><span class='ocrx_word' id='word_1_77' title='bbox 75 1354 178 1421; x_wconf 85' lang='lat' dir='ltr'>qnitur?</span> <span class='ocrx_word' id='word_1_78' title='bbox 190 1351 217 1403; x_wconf 66' lang='lat' dir='ltr'>«ri</span> <span class='ocrx_word' id='word_1_79' title='bbox 232 1354 385 1403; x_wconf 86' lang='lat' dir='ltr'>Latinorum</span> <span class='ocrx_word' id='word_1_80' title='bbox 394 1352 572 1422; x_wconf 70' lang='lat' dir='ltr'>supersipnifi-</span> <span class='ocrx_word' id='word_1_81' title='bbox 613 1368 673 1399; x_wconf 87' lang='lat' dir='ltr'>cum</span> <span class='ocrx_word' id='word_1_82' title='bbox 687 1348 766 1418; x_wconf 88' lang='lat' dir='ltr'>(narn</span> <span class='ocrx_word' id='word_1_83' title='bbox 778 1348 810 1399; x_wconf 89' lang='lat' dir='ltr'>de</span> <span class='ocrx_word' id='word_1_84' title='bbox 824 1351 881 1400; x_wconf 85' lang='lat' dir='ltr'>fero</span> <span class='ocrx_word' id='word_1_85' title='bbox 894 1351 920 1398; x_wconf 91' lang='lat' dir='ltr'>in</span> <span class='ocrx_word' id='word_1_86' title='bbox 933 1347 1017 1413; x_wconf 76' lang='lat' dir='ltr'>silvis,</span> <span class='ocrx_word' id='word_1_87' title='bbox 1032 1361 1060 1398; x_wconf 91' lang='lat' dir='ltr'>ut</span> <span class='ocrx_word' id='word_1_88' title='bbox 1073 1366 1115 1398; x_wconf 81' lang='lat' dir='ltr'>uu·</span> 
     </span>
     <span class='ocr_line' id='line_1_11' title="bbox 74 1426 1116 1497; baseline -0.003 -18"><span class='ocrx_word' id='word_1_89' title='bbox 74 1448 134 1481; x_wconf 85' lang='lat' dir='ltr'>eare</span> <span class='ocrx_word' id='word_1_90' title='bbox 147 1430 226 1482; x_wconf 90' lang='lat' dir='ltr'>modo</span> <span class='ocrx_word' id='word_1_91' title='bbox 238 1450 292 1495; x_wconf 85' lang='lat' dir='ltr'>sur,</span> <span class='ocrx_word' id='word_1_92' title='bbox 309 1429 389 1481; x_wconf 90' lang='lat' dir='ltr'>modo</span> <span class='ocrx_word' id='word_1_93' title='bbox 399 1430 522 1495; x_wconf 70' lang='lat' dir='ltr'>uu-delc&#39;r,</span> <span class='ocrx_word' id='word_1_94' title='bbox 543 1450 573 1481; x_wconf 86' lang='lat' dir='ltr'>ae</span> <span class='ocrx_word' id='word_1_95' title='bbox 613 1445 661 1496; x_wconf 84' lang='lat' dir='ltr'>pra</span> <span class='ocrx_word' id='word_1_96' title='bbox 674 1429 698 1492; x_wconf 88' lang='lat' dir='ltr'>l,</span> <span class='ocrx_word' id='word_1_97' title='bbox 712 1427 761 1491; x_wconf 80' lang='lat'>30,</span> <span class='ocrx_word' id='word_1_98' title='bbox 775 1426 933 1497; x_wconf 88' lang='lat' dir='ltr'>capiendum</span> <span class='ocrx_word' id='word_1_99' title='bbox 947 1428 1017 1497; x_wconf 79' lang='lat' dir='ltr'>est),</span> <span class='ocrx_word' id='word_1_100' title='bbox 1034 1440 1058 1477; x_wconf 93' lang='lat' dir='ltr'>et</span> <span class='ocrx_word' id='word_1_101' title='bbox 1074 1426 1116 1476; x_wconf 81' lang='lat' dir='ltr'>lu·</span> 
     </span>
     <span class='ocr_line' id='line_1_12' title="bbox 75 1506 1116 1578; baseline 0 -21"><span class='ocrx_word' id='word_1_102' title='bbox 75 1507 184 1577; x_wconf 77' lang='lat' dir='ltr'><strong>proinde</strong></span> <span class='ocrx_word' id='word_1_103' title='bbox 204 1510 229 1559; x_wconf 93' lang='lat' dir='ltr'>in</span> <span class='ocrx_word' id='word_1_104' title='bbox 246 1510 369 1578; x_wconf 71' lang='lat' dir='ltr'>arnlripuo</span> <span class='ocrx_word' id='word_1_105' title='bbox 380 1508 407 1560; x_wconf 77' lang='lat' dir='ltr'>ni</span> <span class='ocrx_word' id='word_1_106' title='bbox 423 1510 574 1559; x_wconf 86' lang='lat' dir='ltr'>Latinorum</span> <span class='ocrx_word' id='word_1_107' title='bbox 613 1510 728 1576; x_wconf 78' lang='lat' dir='ltr'>gientern</span> <span class='ocrx_word' id='word_1_108' title='bbox 750 1520 855 1558; x_wconf 79' lang='lat' dir='ltr'>secutus</span> <span class='ocrx_word' id='word_1_109' title='bbox 878 1522 949 1566; x_wconf 71' lang='lat' dir='ltr'>erat,</span> <span class='ocrx_word' id='word_1_110' title='bbox 971 1506 1041 1558; x_wconf 80' lang='lat' dir='ltr'>unde</span> <span class='ocrx_word' id='word_1_111' title='bbox 1055 1510 1116 1576; x_wconf 87' lang='lat' dir='ltr'>jnre</span> 
     </span>
     <span class='ocr_line' id='line_1_13' title="bbox 73 1585 1117 1657; baseline 0 -20"><span class='ocrx_word' id='word_1_112' title='bbox 73 1604 150 1656; x_wconf 67' lang='lat' dir='ltr'>nuper</span> <span class='ocrx_word' id='word_1_113' title='bbox 167 1587 289 1657; x_wconf 87' lang='lat' dir='ltr'>relinqui,</span> <span class='ocrx_word' id='word_1_114' title='bbox 307 1586 370 1638; x_wconf 91' lang='lat' dir='ltr'>dum</span> <span class='ocrx_word' id='word_1_115' title='bbox 389 1585 459 1657; x_wconf 89' lang='lat' dir='ltr'>apud</span> <span class='ocrx_word' id='word_1_116' title='bbox 477 1605 575 1657; x_wconf 67' lang='lat' dir='ltr'>grecos</span> <span class='ocrx_word' id='word_1_117' title='bbox 615 1586 664 1637; x_wconf 86' lang='lat' dir='ltr'>sibi</span> <span class='ocrx_word' id='word_1_118' title='bbox 676 1599 777 1656; x_wconf 87' lang='lat' dir='ltr'>partem</span> <span class='ocrx_word' id='word_1_119' title='bbox 789 1586 927 1638; x_wconf 82' lang='lat' dir='ltr'>videbatur</span> <span class='ocrx_word' id='word_1_120' title='bbox 940 1605 1062 1657; x_wconf 72' lang='lat' dir='ltr'>poscere,</span> <span class='ocrx_word' id='word_1_121' title='bbox 1073 1589 1117 1655; x_wconf 88' lang='lat' dir='ltr'>ju·</span> 
     </span>
     <span class='ocr_line' id='line_1_14' title="bbox 74 1664 1116 1740; baseline 0 -23"><span class='ocrx_word' id='word_1_122' title='bbox 74 1684 152 1717; x_wconf 77' lang='lat' dir='ltr'>casus</span> <span class='ocrx_word' id='word_1_123' title='bbox 176 1667 326 1736; x_wconf 75' lang='lat' dir='ltr'>ambiguum</span> <span class='ocrx_word' id='word_1_124' title='bbox 348 1668 427 1731; x_wconf 90' lang='lat' dir='ltr'>tollit,</span> <span class='ocrx_word' id='word_1_125' title='bbox 449 1664 576 1740; x_wconf 86' lang='lat' dir='ltr'>quidquid</span> <span class='ocrx_word' id='word_1_126' title='bbox 616 1664 1116 1738; x_wconf 75' lang='lat' dir='ltr'>risauterncolorpratendebaturforte</span> 
     </span>
     <span class='ocr_line' id='line_1_15' title="bbox 75 1743 1116 1821; baseline -0.001 -27"><span class='ocrx_word' id='word_1_127' title='bbox 75 1759 193 1796; x_wconf 73' lang='lat' dir='ltr'>asserant</span> <span class='ocrx_word' id='word_1_128' title='bbox 213 1746 325 1798; x_wconf 80' lang='lat' dir='ltr'>Thomas</span> <span class='ocrx_word' id='word_1_129' title='bbox 336 1749 408 1821; x_wconf 74' lang='lat' dir='ltr'>May.</span> <span class='ocrx_word' id='word_1_130' title='bbox 428 1763 452 1799; x_wconf 89' lang='lat' dir='ltr'>et</span> <span class='ocrx_word' id='word_1_131' title='bbox 469 1751 525 1817; x_wconf 84' lang='lat' dir='ltr'>ejus</span> <span class='ocrx_word' id='word_1_132' title='bbox 537 1767 576 1800; x_wconf 75' lang='lat' dir='ltr'>se·</span> <span class='ocrx_word' id='word_1_133' title='bbox 616 1764 631 1795; x_wconf 90' lang='lat' dir='ltr'>a</span> <span class='ocrx_word' id='word_1_134' title='bbox 640 1759 777 1809; x_wconf 83' lang='lat' dir='ltr'>venatore,</span> <span class='ocrx_word' id='word_1_135' title='bbox 787 1744 859 1816; x_wconf 84' lang='lat' dir='ltr'>quod</span> <span class='ocrx_word' id='word_1_136' title='bbox 868 1746 924 1815; x_wconf 81' lang='lat' dir='ltr'>ipse</span> <span class='ocrx_word' id='word_1_137' title='bbox 931 1757 1036 1795; x_wconf 88' lang='lat' dir='ltr'>taurum</span> <span class='ocrx_word' id='word_1_138' title='bbox 1046 1743 1116 1794; x_wconf 88' lang='lat' dir='ltr'>hunc</span> 
     </span>
     <span class='ocr_line' id='line_1_16' title="bbox 75 1821 1117 1896; baseline -0.002 -21"><span class='ocrx_word' id='word_1_139' title='bbox 75 1843 172 1895; x_wconf 79' lang='lat' dir='ltr'>quares</span> <span class='ocrx_word' id='word_1_140' title='bbox 203 1824 420 1896; x_wconf 83' lang='lat' dir='ltr'>Oudendorpius,</span> <span class='ocrx_word' id='word_1_141' title='bbox 448 1828 576 1893; x_wconf 77' lang='lat' dir='ltr'>Sturzius,</span> <span class='ocrx_word' id='word_1_142' title='bbox 615 1821 1117 1894; x_wconf 82' lang='lat' dir='ltr'>persecutuserat,etfortevulnerave·</span> 
     </span>
     <span class='ocr_line' id='line_1_17' title="bbox 75 1902 1118 1976; baseline -0.001 -22"><span class='ocrx_word' id='word_1_143' title='bbox 75 1903 172 1976; x_wconf 85' lang='lat' dir='ltr'>aliique</span> <span class='ocrx_word' id='word_1_144' title='bbox 193 1908 240 1955; x_wconf 78' lang='lat' dir='ltr'>viri</span> <span class='ocrx_word' id='word_1_145' title='bbox 264 1905 335 1957; x_wconf 89' lang='lat' dir='ltr'>doeti</span> <span class='ocrx_word' id='word_1_146' title='bbox 360 1906 508 1959; x_wconf 76' lang='lat' dir='ltr'>doctrinam</span> <span class='ocrx_word' id='word_1_147' title='bbox 530 1928 576 1960; x_wconf 88' lang='lat' dir='ltr'>ea·</span> <span class='ocrx_word' id='word_1_148' title='bbox 616 1902 721 1965; x_wconf 87' lang='lat' dir='ltr'>rat;leo</span> <span class='ocrx_word' id='word_1_149' title='bbox 734 1922 813 1968; x_wconf 67' lang='lat' dir='ltr'>vero,</span> <span class='ocrx_word' id='word_1_150' title='bbox 823 1905 850 1953; x_wconf 92' lang='lat' dir='ltr'>in</span> <span class='ocrx_word' id='word_1_151' title='bbox 860 1906 1003 1972; x_wconf 86' lang='lat' dir='ltr'>juvencum</span> <span class='ocrx_word' id='word_1_152' title='bbox 1016 1904 1118 1972; x_wconf 70' lang='lat' dir='ltr'>fugien-</span> 
     </span>
     <span class='ocr_line' id='line_1_18' title="bbox 75 1980 1119 2057; baseline 0.002 -24"><span class='ocrx_word' id='word_1_153' title='bbox 75 2002 152 2034; x_wconf 69' lang='lat' dir='ltr'>¹suurn</span> <span class='ocrx_word' id='word_1_154' title='bbox 160 1987 450 2055; x_wconf 79' lang='lat' dir='ltr'>parurnrereriti,dnm</span> <span class='ocrx_word' id='word_1_155' title='bbox 461 2007 576 2057; x_wconf 88' lang='lat' dir='ltr'>pronun·</span> <span class='ocrx_word' id='word_1_156' title='bbox 616 1998 668 2035; x_wconf 82' lang='lat' dir='ltr'>tem</span> <span class='ocrx_word' id='word_1_157' title='bbox 679 1983 810 2046; x_wconf 83' lang='lat' dir='ltr'>incidens,</span> <span class='ocrx_word' id='word_1_158' title='bbox 821 2002 881 2035; x_wconf 88' lang='lat' dir='ltr'>eum</span> <span class='ocrx_word' id='word_1_159' title='bbox 891 1983 1028 2053; x_wconf 71' lang='lat' dir='ltr'>dejecerat.</span> <span class='ocrx_word' id='word_1_160' title='bbox 1040 2006 1051 2027; x_wconf 73' lang='grc' dir='ltr'>υ</span> <span class='ocrx_word' id='word_1_161' title='bbox 1069 1980 1119 2035; x_wconf 79' lang='lat' dir='ltr'>sed</span> 
     </span>
     <span class='ocr_line' id='line_1_19' title="bbox 74 2062 1119 2135; baseline -0.001 -21"><span class='ocrx_word' id='word_1_162' title='bbox 74 2066 155 2115; x_wconf 83' lang='lat' dir='ltr'>tiant:</span> <span class='ocrx_word' id='word_1_163' title='bbox 175 2063 214 2117; x_wconf 71' lang='lat' dir='ltr'>riv</span> <span class='ocrx_word' id='word_1_164' title='bbox 233 2064 288 2134; x_wconf 58' lang='lat' dir='ltr'>dni?</span> <span class='ocrx_word' id='word_1_165' title='bbox 305 2064 422 2134; x_wconf 72' lang='lat' dir='ltr'>srpidserr,</span> <span class='ocrx_word' id='word_1_166' title='bbox 441 2066 480 2121; x_wconf 78' lang='lat' dir='ltr'>&#39;stit</span> <span class='ocrx_word' id='word_1_167' title='bbox 497 2067 575 2121; x_wconf 74' lang='lat' dir='ltr'>imita</span> <span class='ocrx_word' id='word_1_168' title='bbox 617 2083 701 2134; x_wconf 82' lang='lat' dir='ltr'>neque</span> <span class='ocrx_word' id='word_1_169' title='bbox 710 2065 773 2128; x_wconf 82' lang='lat' dir='ltr'>har,</span> <span class='ocrx_word' id='word_1_170' title='bbox 783 2083 869 2135; x_wconf 87' lang='lat' dir='ltr'>neque</span> <span class='ocrx_word' id='word_1_171' title='bbox 878 2063 923 2114; x_wconf 87' lang='lat' dir='ltr'>lilr.</span> <span class='ocrx_word' id='word_1_172' title='bbox 934 2066 958 2127; x_wconf 93' lang='lat' dir='ltr'>l,</span> <span class='ocrx_word' id='word_1_173' title='bbox 970 2062 1023 2115; x_wconf 85' lang='lat' dir='ltr'>fab.</span> <span class='ocrx_word' id='word_1_174' title='bbox 1036 2064 1119 2128; x_wconf 78' lang='lat' dir='ltr'>XXX,</span> 
     </span>
     <span class='ocr_line' id='line_1_20' title="bbox 74 2140 1120 2216; baseline 0.003 -26"><span class='ocrx_word' id='word_1_175' title='bbox 74 2140 153 2205; x_wconf 71' lang='grc' dir='ltr'>σχέσιν</span> <span class='ocrx_word' id='word_1_176' title='bbox 170 2144 282 2196; x_wconf 66' lang='lat' dir='ltr'>darriaco</span> <span class='ocrx_word' id='word_1_177' title='bbox 297 2146 352 2213; x_wconf 72' lang='lat' dir='ltr'>apic</span> <span class='ocrx_word' id='word_1_178' title='bbox 367 2146 454 2212; x_wconf 60' lang='lat' dir='ltr'>perraris</span> <span class='ocrx_word' id='word_1_179' title='bbox 473 2147 578 2216; x_wconf 64' lang='lat' dir='ltr'>inipso·</span> <span class='ocrx_word' id='word_1_180' title='bbox 616 2148 685 2194; x_wconf 74' lang='lat' dir='ltr'>feras</span> <span class='ocrx_word' id='word_1_181' title='bbox 703 2158 768 2213; x_wconf 90' lang='lat' dir='ltr'>puto</span> <span class='ocrx_word' id='word_1_182' title='bbox 788 2164 844 2196; x_wconf 87' lang='lat' dir='ltr'>esse</span> <span class='ocrx_word' id='word_1_183' title='bbox 861 2143 1056 2213; x_wconf 49' lang='lat' dir='ltr'>intelligendam</span> <span class='ocrx_word' id='word_1_184' title='bbox 1074 2142 1120 2193; x_wconf 91' lang='lat' dir='ltr'>de·</span> 
     </span>
     <span class='ocr_line' id='line_1_21' title="bbox 74 2219 1120 2295; baseline 0.002 -24"><span class='ocrx_word' id='word_1_185' title='bbox 74 2241 110 2273; x_wconf 78' lang='lat' dir='ltr'>err</span> <span class='ocrx_word' id='word_1_186' title='bbox 121 2221 230 2272; x_wconf 66' lang='grc' dir='ltr'>Ἀπιιοῖ·</span> <span class='ocrx_word' id='word_1_187' title='bbox 238 2224 341 2279; x_wconf 67' lang='lat' dir='ltr'>&#39;‘m-ru</span> <span class='ocrx_word' id='word_1_188' title='bbox 353 2225 392 2286; x_wconf 66' lang='lat' dir='ltr'>dl,</span> <span class='ocrx_word' id='word_1_189' title='bbox 407 2228 462 2295; x_wconf 70' lang='grc' dir='ltr'>πρὸς</span> <span class='ocrx_word' id='word_1_190' title='bbox 477 2227 576 2279; x_wconf 71' lang='lat' dir='ltr'>elrrmr·</span> <span class='ocrx_word' id='word_1_191' title='bbox 617 2219 677 2272; x_wconf 88' lang='lat' dir='ltr'>inde</span> <span class='ocrx_word' id='word_1_192' title='bbox 686 2221 778 2287; x_wconf 81' lang='lat' dir='ltr'>verba,</span> <span class='ocrx_word' id='word_1_193' title='bbox 795 2246 806 2268; x_wconf 74' lang='lat' dir='ltr'>r</span> <span class='ocrx_word' id='word_1_194' title='bbox 816 2224 866 2274; x_wconf 81' lang='lat' dir='ltr'>nisi</span> <span class='ocrx_word' id='word_1_195' title='bbox 877 2221 974 2273; x_wconf 87' lang='lat' dir='ltr'>soleres</span> <span class='ocrx_word' id='word_1_196' title='bbox 983 2241 1032 2293; x_wconf 88' lang='lat' dir='ltr'>per</span> <span class='ocrx_word' id='word_1_197' title='bbox 1040 2235 1066 2272; x_wconf 88' lang='lat' dir='ltr'>te</span> <span class='ocrx_word' id='word_1_198' title='bbox 1077 2242 1120 2275; x_wconf 87' lang='lat' dir='ltr'>su·</span> 
     </span>
     <span class='ocr_line' id='line_1_22' title="bbox 74 2296 1120 2378; baseline 0.002 -28"><span class='ocrx_word' id='word_1_199' title='bbox 74 2296 123 2352; x_wconf 76' lang='lat' dir='ltr'>sair.</span> <span class='ocrx_word' id='word_1_200' title='bbox 144 2303 210 2354; x_wconf 89' lang='lat' dir='ltr'>Vide</span> <span class='ocrx_word' id='word_1_201' title='bbox 229 2322 285 2374; x_wconf 78' lang='lat' dir='ltr'>qum</span> <span class='ocrx_word' id='word_1_202' title='bbox 306 2323 354 2357; x_wconf 86' lang='lat' dir='ltr'>nos</span> <span class='ocrx_word' id='word_1_203' title='bbox 372 2306 405 2357; x_wconf 90' lang='lat' dir='ltr'>de</span> <span class='ocrx_word' id='word_1_204' title='bbox 423 2327 500 2378; x_wconf 66' lang='lat' dir='ltr'>praep.</span> <span class='ocrx_word' id='word_1_205' title='bbox 521 2306 577 2374; x_wconf 65' lang='lat' dir='ltr'>o‘aelp</span> <span class='ocrx_word' id='word_1_206' title='bbox 617 2318 700 2365; x_wconf 87' lang='lat' dir='ltr'>ruere,</span> <span class='ocrx_word' id='word_1_207' title='bbox 714 2313 740 2351; x_wconf 89' lang='lat' dir='ltr'>et</span> <span class='ocrx_word' id='word_1_208' title='bbox 752 2299 901 2371; x_wconf 86' lang='lat' dir='ltr'>improbum</span> <span class='ocrx_word' id='word_1_209' title='bbox 916 2303 1041 2370; x_wconf 83' lang='lat' dir='ltr'>rejecit,·</span> <span class='ocrx_word' id='word_1_210' title='bbox 1064 2320 1120 2352; x_wconf 90' lang='lat' dir='ltr'>me-</span> 
     </span>
     <span class='ocr_line' id='line_1_23' title="bbox 77 2380 1121 2451; baseline 0.003 -21"><span class='ocrx_word' id='word_1_211' title='bbox 77 2399 137 2433; x_wconf 87' lang='lat' dir='ltr'>ennr</span> <span class='ocrx_word' id='word_1_212' title='bbox 148 2401 207 2451; x_wconf 78' lang='lat' dir='ltr'>gen.</span> <span class='ocrx_word' id='word_1_213' title='bbox 219 2396 245 2434; x_wconf 82' lang='lat' dir='ltr'>et</span> <span class='ocrx_word' id='word_1_214' title='bbox 257 2401 317 2434; x_wconf 86' lang='lat' dir='ltr'>cum</span> <span class='ocrx_word' id='word_1_215' title='bbox 327 2403 431 2448; x_wconf 58' lang='lat' dir='ltr'>accus„</span> <span class='ocrx_word' id='word_1_216' title='bbox 447 2387 473 2435; x_wconf 83' lang='lat' dir='ltr'>in</span> <span class='ocrx_word' id='word_1_217' title='bbox 486 2400 577 2437; x_wconf 67' lang='lat' dir='ltr'>nostro</span> <span class='ocrx_word' id='word_1_218' title='bbox 618 2380 666 2432; x_wconf 83' lang='lat' dir='ltr'>lius</span> <span class='ocrx_word' id='word_1_219' title='bbox 680 2380 838 2451; x_wconf 78' lang='lat' dir='ltr'>respondere</span> <span class='ocrx_word' id='word_1_220' title='bbox 851 2380 973 2432; x_wconf 83' lang='lat' dir='ltr'>videntur</span> <span class='ocrx_word' id='word_1_221' title='bbox 984 2382 1081 2433; x_wconf 87' lang='lat' dir='ltr'>latroni</span> <span class='ocrx_word' id='word_1_222' title='bbox 1095 2396 1121 2434; x_wconf 87' lang='lat' dir='ltr'>et</span> 
     </span>
     <span class='ocr_line' id='line_1_24' title="bbox 76 2458 1119 2537; baseline 0.004 -28"><span class='ocrx_word' id='word_1_223' title='bbox 76 2458 111 2510; x_wconf 90' lang='lat' dir='ltr'>de</span> <span class='ocrx_word' id='word_1_224' title='bbox 120 2480 198 2532; x_wconf 66' lang='lat' dir='ltr'>praep.</span> <span class='ocrx_word' id='word_1_225' title='bbox 207 2465 359 2525; x_wconf 75' lang='lat' dir='ltr'>tentamine,</span> <span class='ocrx_word' id='word_1_226' title='bbox 368 2483 393 2533; x_wconf 87' lang='lat' dir='ltr'>p.</span> <span class='ocrx_word' id='word_1_227' title='bbox 404 2463 454 2514; x_wconf 77' lang='lat'>233</span> <span class='ocrx_word' id='word_1_228' title='bbox 464 2482 520 2535; x_wconf 86' lang='lat' dir='ltr'>sqq.</span> <span class='ocrx_word' id='word_1_229' title='bbox 530 2464 578 2537; x_wconf 88' lang='lat' dir='ltr'>G.]</span> <span class='ocrx_word' id='word_1_230' title='bbox 619 2459 756 2530; x_wconf 84' lang='lat' dir='ltr'>direpturi,</span> <span class='ocrx_word' id='word_1_231' title='bbox 770 2480 848 2532; x_wconf 85' lang='lat' dir='ltr'>qnam</span> <span class='ocrx_word' id='word_1_232' title='bbox 861 2464 987 2513; x_wconf 81' lang='lat' dir='ltr'>venatori.</span> <span class='ocrx_word' id='word_1_233' title='bbox 999 2461 1077 2513; x_wconf 82' lang='lat' dir='ltr'>Addit</span> <span class='ocrx_word' id='word_1_234' title='bbox 1087 2462 1119 2513; x_wconf 85' lang='lat' dir='ltr'>el.</span> 
     </span>
     <span class='ocr_line' id='line_1_25' title="bbox 77 2539 1122 2611; baseline 0.006 -23"><span class='ocrx_word' id='word_1_235' title='bbox 77 2539 255 2611; x_wconf 67' lang='lat' dir='ltr'>-dejeetum</span> <span class='ocrx_word' id='word_1_236' title='bbox 274 2543 382 2611; x_wconf 88' lang='lat' dir='ltr'>Proprie</span> <span class='ocrx_word' id='word_1_237' title='bbox 400 2541 450 2593; x_wconf 87' lang='lat' dir='ltr'>hoc</span> <span class='ocrx_word' id='word_1_238' title='bbox 470 2543 578 2594; x_wconf 84' lang='lat' dir='ltr'>verbum</span> <span class='ocrx_word' id='word_1_239' title='bbox 618 2541 783 2593; x_wconf 72' lang='lat' dir='ltr'>Traehuele:</span> <span class='ocrx_word' id='word_1_240' title='bbox 807 2544 913 2596; x_wconf 66' lang='lat' dir='ltr'>rotator</span> <span class='ocrx_word' id='word_1_241' title='bbox 930 2562 990 2595; x_wconf 81' lang='lat' dir='ltr'>mox</span> <span class='ocrx_word' id='word_1_242' title='bbox 1008 2562 1049 2593; x_wconf 85' lang='lat' dir='ltr'>nre</span> <span class='ocrx_word' id='word_1_243' title='bbox 1066 2562 1122 2594; x_wconf 86' lang='lat' dir='ltr'>nro·</span> 
     </span>
     <span class='ocr_line' id='line_1_26' title="bbox 79 2619 1122 2693; baseline 0.008 -25"><span class='ocrx_word' id='word_1_244' title='bbox 79 2633 207 2689; x_wconf 84' lang='lat' dir='ltr'>usurpant</span> <span class='ocrx_word' id='word_1_245' title='bbox 222 2619 255 2671; x_wconf 89' lang='lat' dir='ltr'>de</span> <span class='ocrx_word' id='word_1_246' title='bbox 270 2623 346 2672; x_wconf 76' lang='lat' dir='ltr'>victis</span> <span class='ocrx_word' id='word_1_247' title='bbox 362 2635 387 2672; x_wconf 88' lang='lat' dir='ltr'>et</span> <span class='ocrx_word' id='word_1_248' title='bbox 403 2624 535 2692; x_wconf 78' lang='lat' dir='ltr'>oppressis</span> <span class='ocrx_word' id='word_1_249' title='bbox 551 2626 579 2673; x_wconf 92' lang='lat' dir='ltr'>in</span> <span class='ocrx_word' id='word_1_250' title='bbox 618 2635 672 2681; x_wconf 83' lang='lat' dir='ltr'>vet,</span> <span class='ocrx_word' id='word_1_251' title='bbox 692 2637 720 2673; x_wconf 91' lang='lat' dir='ltr'>ut</span> <span class='ocrx_word' id='word_1_252' title='bbox 742 2623 869 2675; x_wconf 84' lang='lat' dir='ltr'>latronem</span> <span class='ocrx_word' id='word_1_253' title='bbox 892 2624 1053 2693; x_wconf 67' lang='lat' dir='ltr'>explicem·</span> <span class='ocrx_word' id='word_1_254' title='bbox 1076 2622 1122 2675; x_wconf 83' lang='lat' dir='ltr'>sed</span> 
     </span>
     <span class='ocr_line' id='line_1_27' title="bbox 78 2699 1122 2755; baseline 0.006 -6"><span class='ocrx_word' id='word_1_255' title='bbox 78 2700 216 2750; x_wconf 81' lang='lat' dir='ltr'>venatione</span> <span class='ocrx_word' id='word_1_256' title='bbox 231 2714 256 2749; x_wconf 85' lang='lat' dir='ltr'>et</span> <span class='ocrx_word' id='word_1_257' title='bbox 269 2699 345 2750; x_wconf 87' lang='lat' dir='ltr'>bello.</span> <span class='ocrx_word' id='word_1_258' title='bbox 361 2700 481 2753; x_wconf 86' lang='lat' dir='ltr'>Laudant</span> <span class='ocrx_word' id='word_1_259' title='bbox 494 2704 578 2754; x_wconf 87' lang='lat' dir='ltr'>lnter-</span> <span class='ocrx_word' id='word_1_260' title='bbox 617 2700 811 2753; x_wconf 83' lang='lat' dir='ltr'>Desbillonius:</span> <span class='ocrx_word' id='word_1_261' title='bbox 829 2728 840 2748; x_wconf 83' lang='grc' dir='ltr'>ι</span> <span class='ocrx_word' id='word_1_262' title='bbox 851 2705 871 2754; x_wconf 82' lang='lat' dir='ltr'>si</span> <span class='ocrx_word' id='word_1_263' title='bbox 887 2702 1010 2754; x_wconf 70' lang='lat' dir='ltr'>Phaedrus·</span> <span class='ocrx_word' id='word_1_264' title='bbox 1023 2701 1122 2755; x_wconf 72' lang='lat' dir='ltr'>voluis-</span> 
     </span>
     <span class='ocr_line' id='line_1_28' title="bbox 78 2778 1121 2852; baseline 0.006 -26"><span class='ocrx_word' id='word_1_265' title='bbox 78 2790 166 2847; x_wconf 85' lang='lat' dir='ltr'>pretes</span> <span class='ocrx_word' id='word_1_266' title='bbox 182 2778 259 2827; x_wconf 87' lang='lat' dir='ltr'>Mart.</span> <span class='ocrx_word' id='word_1_267' title='bbox 276 2780 301 2841; x_wconf 94' lang='lat' dir='ltr'>l,</span> <span class='ocrx_word' id='word_1_268' title='bbox 317 2779 365 2828; x_wconf 79' lang='lat'>61:</span> <span class='ocrx_word' id='word_1_269' title='bbox 386 2803 397 2825; x_wconf 74' lang='lat' dir='ltr'>a</span> <span class='ocrx_word' id='word_1_270' title='bbox 408 2799 461 2831; x_wconf 91' lang='lat' dir='ltr'>non</span> <span class='ocrx_word' id='word_1_271' title='bbox 473 2783 523 2832; x_wconf 82' lang='lat' dir='ltr'>nisi</span> <span class='ocrx_word' id='word_1_272' title='bbox 535 2782 580 2832; x_wconf 88' lang='lat' dir='ltr'>de-</span> <span class='ocrx_word' id='word_1_273' title='bbox 619 2792 670 2842; x_wconf 80' lang='lat' dir='ltr'>set,</span> <span class='ocrx_word' id='word_1_274' title='bbox 684 2792 712 2829; x_wconf 89' lang='lat' dir='ltr'>ut</span> <span class='ocrx_word' id='word_1_275' title='bbox 734 2794 842 2844; x_wconf 76' lang='lat' dir='ltr'>venator</span> <span class='ocrx_word' id='word_1_276' title='bbox 859 2780 902 2831; x_wconf 85' lang='lat' dir='ltr'>hic</span> <span class='ocrx_word' id='word_1_277' title='bbox 922 2782 1121 2852; x_wconf 69' lang='lat' dir='ltr'>intelligeretur,</span> 
     </span>
     <span class='ocr_line' id='line_1_29' title="bbox 74 2854 1123 2928; baseline 0.006 -23"><span class='ocrx_word' id='word_1_278' title='bbox 74 2857 147 2925; x_wconf 79' lang='lat' dir='ltr'>jecta</span> <span class='ocrx_word' id='word_1_279' title='bbox 157 2856 274 2924; x_wconf 85' lang='lat' dir='ltr'>pascitur</span> <span class='ocrx_word' id='word_1_280' title='bbox 281 2854 322 2905; x_wconf 91' lang='lat' dir='ltr'>ille</span> <span class='ocrx_word' id='word_1_281' title='bbox 332 2858 385 2908; x_wconf 87' lang='lat' dir='ltr'>fera</span> <span class='ocrx_word' id='word_1_282' title='bbox 394 2880 401 2919; x_wconf 87' lang='lat'>;</span> <span class='ocrx_word' id='word_1_283' title='bbox 411 2882 421 2903; x_wconf 80' lang='grc' dir='ltr'>ι</span> <span class='ocrx_word' id='word_1_284' title='bbox 432 2859 503 2910; x_wconf 85' lang='lat' dir='ltr'>Curt.</span> <span class='ocrx_word' id='word_1_285' title='bbox 512 2862 579 2925; x_wconf 85' lang='lat' dir='ltr'>Vlll,</span> <span class='ocrx_word' id='word_1_286' title='bbox 620 2858 713 2928; x_wconf 85' lang='lat' dir='ltr'>procul</span> <span class='ocrx_word' id='word_1_287' title='bbox 729 2858 811 2911; x_wconf 87' lang='lat' dir='ltr'>dubio</span> <span class='ocrx_word' id='word_1_288' title='bbox 835 2872 981 2911; x_wconf 70' lang='lat' dir='ltr'>venatorem</span> <span class='ocrx_word' id='word_1_289' title='bbox 1002 2859 1123 2925; x_wconf 76' lang='lat' dir='ltr'>dixisset,</span> 
     </span>
     <span class='ocr_line' id='line_1_30' title="bbox 83 2932 1123 3009; baseline 0.003 -25"><span class='ocrx_word' id='word_1_290' title='bbox 83 2952 93 2984; x_wconf 89' lang='grc' dir='ltr'>ι</span> <span class='ocrx_word' id='word_1_291' title='bbox 107 2956 113 2982; x_wconf 74' lang='grc' dir='ltr'>ι</span> <span class='ocrx_word' id='word_1_292' title='bbox 128 2958 138 2978; x_wconf 84' lang='grc' dir='ltr'>ι</span> <span class='ocrx_word' id='word_1_293' title='bbox 149 2932 204 2997; x_wconf 86' lang='lat' dir='ltr'>ille,</span> <span class='ocrx_word' id='word_1_294' title='bbox 214 2934 248 2982; x_wconf 90' lang='lat' dir='ltr'>lV</span> <span class='ocrx_word' id='word_1_295' title='bbox 256 2933 368 2985; x_wconf 80' lang='lat' dir='ltr'>millibus</span> <span class='ocrx_word' id='word_1_296' title='bbox 376 2937 489 2988; x_wconf 81' lang='lat' dir='ltr'>ferarum</span> <span class='ocrx_word' id='word_1_297' title='bbox 496 2936 581 3009; x_wconf 82' lang='lat' dir='ltr'>dejee·</span> <span class='ocrx_word' id='word_1_298' title='bbox 621 2955 702 3007; x_wconf 90' lang='lat' dir='ltr'>quum</span> <span class='ocrx_word' id='word_1_299' title='bbox 714 2937 754 2988; x_wconf 87' lang='lat' dir='ltr'>lex</span> <span class='ocrx_word' id='word_1_300' title='bbox 765 2941 872 2990; x_wconf 87' lang='lat' dir='ltr'>metrica</span> <span class='ocrx_word' id='word_1_301' title='bbox 883 2957 975 2989; x_wconf 84' lang='lat' dir='ltr'>vocem</span> <span class='ocrx_word' id='word_1_302' title='bbox 986 2937 1055 2988; x_wconf 88' lang='lat' dir='ltr'>hane</span> <span class='ocrx_word' id='word_1_303' title='bbox 1065 2957 1123 3007; x_wconf 88' lang='lat' dir='ltr'>per·</span> 
     </span>
     <span class='ocr_line' id='line_1_31' title="bbox 80 3009 1123 3088; baseline 0.003 -25"><span class='ocrx_word' id='word_1_304' title='bbox 80 3015 130 3076; x_wconf 79' lang='lat' dir='ltr'>tis,</span> <span class='ocrx_word' id='word_1_305' title='bbox 142 3014 169 3061; x_wconf 92' lang='lat' dir='ltr'>in</span> <span class='ocrx_word' id='word_1_306' title='bbox 184 3009 275 3061; x_wconf 89' lang='lat' dir='ltr'>eodern</span> <span class='ocrx_word' id='word_1_307' title='bbox 291 3011 357 3064; x_wconf 79' lang='lat' dir='ltr'>saltu</span> <span class='ocrx_word' id='word_1_308' title='bbox 371 3014 491 3083; x_wconf 80' lang='lat' dir='ltr'>epulatus</span> <span class='ocrx_word' id='word_1_309' title='bbox 505 3029 557 3077; x_wconf 85' lang='lat' dir='ltr'>est;</span> <span class='ocrx_word' id='word_1_310' title='bbox 567 3039 578 3061; x_wconf 72' lang='lat' dir='ltr'><em>n</em></span> <span class='ocrx_word' id='word_1_311' title='bbox 621 3016 681 3068; x_wconf 85' lang='lat' dir='ltr'>inde</span> <span class='ocrx_word' id='word_1_312' title='bbox 703 3031 781 3088; x_wconf 87' lang='lat' dir='ltr'>atque</span> <span class='ocrx_word' id='word_1_313' title='bbox 803 3017 910 3069; x_wconf 87' lang='lat' dir='ltr'>alteram</span> <span class='ocrx_word' id='word_1_314' title='bbox 930 3019 1026 3067; x_wconf 85' lang='lat' dir='ltr'>sineret</span> <span class='ocrx_word' id='word_1_315' title='bbox 1045 3016 1123 3067; x_wconf 88' lang='lat' dir='ltr'>adlri-</span> 
     </span>
     <span class='ocr_line' id='line_1_32' title="bbox 79 3088 1124 3167; baseline 0.004 -24"><span class='ocrx_word' id='word_1_316' title='bbox 79 3093 149 3159; x_wconf 80' lang='lat' dir='ltr'>Nep.</span> <span class='ocrx_word' id='word_1_317' title='bbox 160 3088 252 3140; x_wconf 86' lang='lat' dir='ltr'>Thras.</span> <span class='ocrx_word' id='word_1_318' title='bbox 261 3090 309 3140; x_wconf 89' lang='lat' dir='ltr'>lll:</span> <span class='ocrx_word' id='word_1_319' title='bbox 323 3114 333 3137; x_wconf 81' lang='grc' dir='ltr'>ι</span> <span class='ocrx_word' id='word_1_320' title='bbox 344 3092 399 3142; x_wconf 83' lang='lat' dir='ltr'>lloe</span> <span class='ocrx_word' id='word_1_321' title='bbox 406 3090 510 3163; x_wconf 82' lang='lat' dir='ltr'>dejecto</span> <span class='ocrx_word' id='word_1_322' title='bbox 516 3095 581 3145; x_wconf 88' lang='lat' dir='ltr'>Pau·</span> <span class='ocrx_word' id='word_1_323' title='bbox 621 3096 687 3148; x_wconf 90' lang='lat' dir='ltr'>beri.</span> <span class='ocrx_word' id='word_1_324' title='bbox 699 3121 710 3142; x_wconf 77' lang='grc' dir='ltr'>ι</span> <span class='ocrx_word' id='word_1_325' title='bbox 727 3097 863 3149; x_wconf 82' lang='lat' dir='ltr'>Burhnero</span> <span class='ocrx_word' id='word_1_326' title='bbox 874 3095 1004 3166; x_wconf 69' lang='lat' dir='ltr'>praedator</span> <span class='ocrx_word' id='word_1_327' title='bbox 1016 3109 1067 3157; x_wconf 81' lang='lat' dir='ltr'>est,</span> <span class='ocrx_word' id='word_1_328' title='bbox 1079 3099 1124 3167; x_wconf 89' lang='lat' dir='ltr'>qui</span> 
     </span>
     <span class='ocr_line' id='line_1_33' title="bbox 81 3171 1124 3247; baseline 0.003 -25"><span class='ocrx_word' id='word_1_329' title='bbox 81 3173 169 3223; x_wconf 81' lang='lat' dir='ltr'>sanias</span> <span class='ocrx_word' id='word_1_330' title='bbox 181 3171 274 3220; x_wconf 83' lang='lat' dir='ltr'>Atticis</span> <span class='ocrx_word' id='word_1_331' title='bbox 285 3172 354 3221; x_wconf 76' lang='lat' dir='ltr'>venit</span> <span class='ocrx_word' id='word_1_332' title='bbox 367 3171 470 3224; x_wconf 77' lang='lat' dir='ltr'>auxilio.</span> <span class='ocrx_word' id='word_1_333' title='bbox 483 3197 494 3219; x_wconf 80' lang='grc' dir='ltr'>ι</span> <span class='ocrx_word' id='word_1_334' title='bbox 509 3173 582 3226; x_wconf 84' lang='lat' dir='ltr'>Adde</span> <span class='ocrx_word' id='word_1_335' title='bbox 622 3188 758 3245; x_wconf 82' lang='lat' dir='ltr'>capturam</span> <span class='ocrx_word' id='word_1_336' title='bbox 776 3177 889 3226; x_wconf 79' lang='lat' dir='ltr'>ferarum</span> <span class='ocrx_word' id='word_1_337' title='bbox 911 3188 1013 3224; x_wconf 81' lang='lat' dir='ltr'>exercet</span> <span class='ocrx_word' id='word_1_338' title='bbox 1029 3176 1124 3247; x_wconf 87' lang='lat' dir='ltr'>irnper-</span> 
     </span>
     <span class='ocr_line' id='line_1_34' title="bbox 80 3251 1125 3325; baseline 0.006 -25"><span class='ocrx_word' id='word_1_339' title='bbox 80 3253 153 3321; x_wconf 71' lang='lat' dir='ltr'>Virp.</span> <span class='ocrx_word' id='word_1_340' title='bbox 163 3252 219 3301; x_wconf 82' lang='lat' dir='ltr'>AEn.</span> <span class='ocrx_word' id='word_1_341' title='bbox 229 3251 278 3316; x_wconf 79' lang='lat' dir='ltr'>xl,</span> <span class='ocrx_word' id='word_1_342' title='bbox 289 3251 354 3303; x_wconf 82' lang='lat'><strong>580:</strong></span> <span class='ocrx_word' id='word_1_343' title='bbox 371 3275 382 3297; x_wconf 70' lang='grc' dir='ltr'><strong><em>α</em></strong></span> <span class='ocrx_word' id='word_1_344' title='bbox 393 3251 482 3304; x_wconf 89' lang='lat' dir='ltr'>album</span> <span class='ocrx_word' id='word_1_345' title='bbox 489 3253 582 3324; x_wconf 85' lang='lat' dir='ltr'>dejecit</span> <span class='ocrx_word' id='word_1_346' title='bbox 622 3255 742 3314; x_wconf 68' lang='lat' dir='ltr'>missam</span> <span class='ocrx_word' id='word_1_347' title='bbox 757 3252 903 3304; x_wconf 85' lang='lat' dir='ltr'>Walddr&#39;eb.</span> <span class='ocrx_word' id='word_1_348' title='bbox 914 3264 1052 3325; x_wconf 83' lang='lat' dir='ltr'>-portem</span> <span class='ocrx_word' id='word_1_349' title='bbox 1063 3272 1125 3323; x_wconf 77' lang='lat' dir='ltr'>pos·</span> 
     </span>
     <span class='ocr_line' id='line_1_35' title="bbox 82 3326 1124 3406; baseline 0.005 -25"><span class='ocrx_word' id='word_1_350' title='bbox 82 3329 212 3382; x_wconf 72' lang='lat' dir='ltr'>olorem·</span> <span class='ocrx_word' id='word_1_351' title='bbox 233 3358 266 3367; x_wconf 87' lang='lat'><em>-</em></span> <span class='ocrx_word' id='word_1_352' title='bbox 283 3326 292 3400; x_wconf 90' lang='lat'>[</span> <span class='ocrx_word' id='word_1_353' title='bbox 307 3330 448 3402; x_wconf 47' lang='lat' dir='ltr'>damnem,</span> <span class='ocrx_word' id='word_1_354' title='bbox 468 3352 482 3383; x_wconf 86' lang='lat' dir='ltr'>a</span> <span class='ocrx_word' id='word_1_355' title='bbox 493 3336 583 3404; x_wconf 80' lang='lat' dir='ltr'>jacere</span> <span class='ocrx_word' id='word_1_356' title='bbox 623 3333 718 3386; x_wconf 78' lang='lat' dir='ltr'>tularts.</span> <span class='ocrx_word' id='word_1_357' title='bbox 738 3334 864 3400; x_wconf 76' lang='lat' dir='ltr'>Quaerunt</span> <span class='ocrx_word' id='word_1_358' title='bbox 885 3336 1051 3404; x_wconf 78' lang='lat' dir='ltr'>interpretes,</span> <span class='ocrx_word' id='word_1_359' title='bbox 1071 3354 1124 3406; x_wconf 79' lang='lat' dir='ltr'>quo</span> 
     </span>
     <span class='ocr_line' id='line_1_36' title="bbox 84 3411 1123 3483; baseline 0 -20"><span class='ocrx_word' id='word_1_360' title='bbox 84 3412 128 3477; x_wconf 83' lang='lat' dir='ltr'>dc,</span> <span class='ocrx_word' id='word_1_361' title='bbox 138 3411 327 3483; x_wconf 74' lang='lat' dir='ltr'>jeterdelrout</span> <span class='ocrx_word' id='word_1_362' title='bbox 340 3430 373 3463; x_wconf 83' lang='lat' dir='ltr'>en</span> <span class='ocrx_word' id='word_1_363' title='bbox 385 3413 440 3476; x_wconf 76' lang='lat' dir='ltr'>oar,</span> <span class='ocrx_word' id='word_1_364' title='bbox 458 3412 529 3483; x_wconf 84' lang='lat' dir='ltr'>qrrod</span> <span class='ocrx_word' id='word_1_365' title='bbox 543 3429 582 3466; x_wconf 87' lang='lat' dir='ltr'>sat</span> <span class='ocrx_word' id='word_1_366' title='bbox 619 3415 679 3482; x_wconf 84' lang='lat' dir='ltr'>jure</span> <span class='ocrx_word' id='word_1_367' title='bbox 698 3412 867 3483; x_wconf 83' lang='lat' dir='ltr'>postulaverit</span> <span class='ocrx_word' id='word_1_368' title='bbox 887 3426 987 3483; x_wconf 85' lang='lat' dir='ltr'>partem</span> <span class='ocrx_word' id='word_1_369' title='bbox 1008 3415 1123 3482; x_wconf 81' lang='lat' dir='ltr'>juvenci.</span> 
     </span>
     <span class='ocr_line' id='line_1_37' title="bbox 84 3490 1124 3564; baseline 0.001 -20"><span class='ocrx_word' id='word_1_370' title='bbox 84 3490 223 3544; x_wconf 73' lang='lat' dir='ltr'>indicated</span> <span class='ocrx_word' id='word_1_371' title='bbox 236 3494 318 3545; x_wconf 77' lang='lat' dir='ltr'>statar</span> <span class='ocrx_word' id='word_1_372' title='bbox 332 3511 414 3564; x_wconf 81' lang='lat' dir='ltr'>super.</span> <span class='ocrx_word' id='word_1_373' title='bbox 433 3493 492 3545; x_wconf 82' lang='lat' dir='ltr'>vid.</span> <span class='ocrx_word' id='word_1_374' title='bbox 509 3515 533 3546; x_wconf 82' lang='lat' dir='ltr'>r.</span> <span class='ocrx_word' id='word_1_375' title='bbox 553 3495 582 3562; x_wconf 74' lang='grc'>4,</span> <span class='ocrx_word' id='word_1_376' title='bbox 623 3491 673 3544; x_wconf 84' lang='lat' dir='ltr'>Sed</span> <span class='ocrx_word' id='word_1_377' title='bbox 683 3492 812 3561; x_wconf 83' lang='lat' dir='ltr'>ejusmodi</span> <span class='ocrx_word' id='word_1_378' title='bbox 823 3495 977 3563; x_wconf 73' lang='lat' dir='ltr'>questiones</span> <span class='ocrx_word' id='word_1_379' title='bbox 989 3494 1017 3543; x_wconf 91' lang='lat' dir='ltr'>in</span> <span class='ocrx_word' id='word_1_380' title='bbox 1026 3492 1124 3564; x_wconf 79' lang='lat' dir='ltr'>praeda·</span> 
     </span>
     <span class='ocr_line' id='line_1_38' title="bbox 84 3569 1124 3645; baseline 0 -22"><span class='ocrx_word' id='word_1_381' title='bbox 84 3574 182 3643; x_wconf 68' lang='lat' dir='ltr'>njecit,</span> <span class='ocrx_word' id='word_1_382' title='bbox 195 3576 312 3645; x_wconf 74' lang='lat' dir='ltr'>ajacem,</span> <span class='ocrx_word' id='word_1_383' title='bbox 324 3572 454 3625; x_wconf 87' lang='lat' dir='ltr'>interdum</span> <span class='ocrx_word' id='word_1_384' title='bbox 463 3586 536 3639; x_wconf 85' lang='lat' dir='ltr'>retro,</span> <span class='ocrx_word' id='word_1_385' title='bbox 547 3577 584 3625; x_wconf 90' lang='lat' dir='ltr'>in·</span> <span class='ocrx_word' id='word_1_386' title='bbox 623 3584 678 3622; x_wconf 91' lang='lat' dir='ltr'>tore</span> <span class='ocrx_word' id='word_1_387' title='bbox 688 3569 810 3622; x_wconf 89' lang='lat' dir='ltr'>videntur</span> <span class='ocrx_word' id='word_1_388' title='bbox 819 3570 968 3643; x_wconf 74' lang='lat' dir='ltr'>superfluae,</span> <span class='ocrx_word' id='word_1_389' title='bbox 983 3573 1009 3621; x_wconf 93' lang='lat' dir='ltr'>in</span> <span class='ocrx_word' id='word_1_390' title='bbox 1022 3592 1074 3643; x_wconf 85' lang='lat' dir='ltr'>qno</span> <span class='ocrx_word' id='word_1_391' title='bbox 1081 3575 1124 3642; x_wconf 89' lang='lat' dir='ltr'>ju·</span> 
     </span>
     <span class='ocr_line' id='line_1_39' title="bbox 85 3648 1125 3724; baseline 0.005 -24"><span class='ocrx_word' id='word_1_392' title='bbox 85 3648 188 3702; x_wconf 87' lang='lat' dir='ltr'>terdum</span> <span class='ocrx_word' id='word_1_393' title='bbox 197 3670 259 3703; x_wconf 82' lang='lat' dir='ltr'>vero</span> <span class='ocrx_word' id='word_1_394' title='bbox 270 3653 377 3713; x_wconf 67' lang='lat' dir='ltr'>lunam</span> <span class='ocrx_word' id='word_1_395' title='bbox 391 3666 417 3704; x_wconf 89' lang='lat' dir='ltr'>et</span> <span class='ocrx_word' id='word_1_396' title='bbox 424 3651 469 3703; x_wconf 89' lang='lat' dir='ltr'>lib.</span> <span class='ocrx_word' id='word_1_397' title='bbox 480 3655 516 3721; x_wconf 78' lang='grc' dir='ltr'>ΙΙ,</span> <span class='ocrx_word' id='word_1_398' title='bbox 529 3653 582 3706; x_wconf 78' lang='lat' dir='ltr'>tab.</span> <span class='ocrx_word' id='word_1_399' title='bbox 623 3655 658 3705; x_wconf 80' lang='lat' dir='ltr'>ris·</span> <span class='ocrx_word' id='word_1_400' title='bbox 668 3653 782 3705; x_wconf 86' lang='lat' dir='ltr'>colorem</span> <span class='ocrx_word' id='word_1_401' title='bbox 793 3672 845 3704; x_wconf 89' lang='lat' dir='ltr'>non</span> <span class='ocrx_word' id='word_1_402' title='bbox 860 3667 898 3704; x_wconf 90' lang='lat' dir='ltr'>est</span> <span class='ocrx_word' id='word_1_403' title='bbox 913 3652 984 3724; x_wconf 87' lang='lat' dir='ltr'>quod</span> <span class='ocrx_word' id='word_1_404' title='bbox 998 3653 1072 3706; x_wconf 78' lang='lat' dir='ltr'>valde</span> <span class='ocrx_word' id='word_1_405' title='bbox 1082 3673 1125 3705; x_wconf 90' lang='lat' dir='ltr'>ur·</span> 
     </span>
     <span class='ocr_line' id='line_1_40' title="bbox 85 3732 1123 3806; baseline 0.006 -24"><span class='ocrx_word' id='word_1_406' title='bbox 85 3732 119 3793; x_wconf 84' lang='lat' dir='ltr'>V,</span> <span class='ocrx_word' id='word_1_407' title='bbox 131 3748 175 3798; x_wconf 87' lang='lat' dir='ltr'>ro,</span> <span class='ocrx_word' id='word_1_408' title='bbox 186 3732 300 3805; x_wconf 81' lang='lat' dir='ltr'>despicit.</span> <span class='ocrx_word' id='word_1_409' title='bbox 312 3733 343 3784; x_wconf 86' lang='lat' dir='ltr'>G.</span> <span class='ocrx_word' id='word_1_410' title='bbox 354 3732 363 3805; x_wconf 87' lang='lat'>]</span> <span class='ocrx_word' id='word_1_411' title='bbox 621 3753 691 3806; x_wconf 69' lang='lat' dir='ltr'>geas.</span> <span class='ocrx_word' id='word_1_412' title='bbox 715 3736 782 3785; x_wconf 89' lang='lat' dir='ltr'>lline</span> <span class='ocrx_word' id='word_1_413' title='bbox 802 3736 896 3786; x_wconf 83' lang='lat' dir='ltr'>frustra</span> <span class='ocrx_word' id='word_1_414' title='bbox 916 3734 1123 3801; x_wconf 79' lang='lat' dir='ltr'>Freinshemius,</span> 
     </span>
     <span class='ocr_line' id='line_1_41' title="bbox 123 3811 1123 3888; baseline 0.01 -30"><span class='ocrx_word' id='word_1_415' title='bbox 123 3826 145 3858; x_wconf 82' lang='lat'>2.</span> <span class='ocrx_word' id='word_1_416' title='bbox 163 3811 306 3864; x_wconf 73' lang='lat' dir='ltr'>Praedator.</span> <span class='ocrx_word' id='word_1_417' title='bbox 321 3811 442 3883; x_wconf 70' lang='lat' dir='ltr'>lntelligit</span> <span class='ocrx_word' id='word_1_418' title='bbox 456 3815 583 3866; x_wconf 85' lang='lat' dir='ltr'>llnrman·</span> <span class='ocrx_word' id='word_1_419' title='bbox 622 3815 792 3888; x_wconf 80' lang='lat' dir='ltr'>predatorern</span> <span class='ocrx_word' id='word_1_420' title='bbox 814 3818 914 3869; x_wconf 82' lang='lat' dir='ltr'>inventi</span> <span class='ocrx_word' id='word_1_421' title='bbox 933 3815 1010 3869; x_wconf 82' lang='lat' dir='ltr'>titulo</span> <span class='ocrx_word' id='word_1_422' title='bbox 1030 3831 1123 3887; x_wconf 85' lang='lat' dir='ltr'>postu·</span> 
     </span>
     <span class='ocr_line' id='line_1_42' title="bbox 85 3890 811 3966; baseline 0.007 -26"><span class='ocrx_word' id='word_1_423' title='bbox 85 3907 135 3940; x_wconf 84' lang='lat' dir='ltr'>uns</span> <span class='ocrx_word' id='word_1_424' title='bbox 143 3905 301 3942; x_wconf 85' lang='lat' dir='ltr'>venatorem.</span> <span class='ocrx_word' id='word_1_425' title='bbox 312 3890 386 3944; x_wconf 71' lang='lat' dir='ltr'>ond.</span> <span class='ocrx_word' id='word_1_426' title='bbox 399 3896 469 3944; x_wconf 84' lang='lat' dir='ltr'>enirn</span> <span class='ocrx_word' id='word_1_427' title='bbox 476 3896 572 3946; x_wconf 82' lang='lat' dir='ltr'>Metam</span> <span class='ocrx_word' id='word_1_428' title='bbox 623 3894 688 3947; x_wconf 73' lang='lat' dir='ltr'>lasse</span> <span class='ocrx_word' id='word_1_429' title='bbox 704 3909 811 3966; x_wconf 88' lang='lat' dir='ltr'>partem.</span> 
     </span>
     <span class='ocr_line' id='line_1_43' title="bbox 85 3966 1123 4046; baseline 0.008 -29"><span class='ocrx_word' id='word_1_430' title='bbox 85 3966 147 4028; x_wconf 77' lang='grc' dir='ltr'>ΧΠ,</span> <span class='ocrx_word' id='word_1_431' title='bbox 166 3969 232 4020; x_wconf 75' lang='lat'>306:</span> <span class='ocrx_word' id='word_1_432' title='bbox 255 3996 265 4016; x_wconf 82' lang='grc' dir='ltr'>ι</span> <span class='ocrx_word' id='word_1_433' title='bbox 275 3971 345 4021; x_wconf 81' lang='lat' dir='ltr'>Abas</span> <span class='ocrx_word' id='word_1_434' title='bbox 362 3970 490 4040; x_wconf 70' lang='lat' dir='ltr'>praedator</span> <span class='ocrx_word' id='word_1_435' title='bbox 506 3993 583 4045; x_wconf 89' lang='lat' dir='ltr'>apro·</span> <span class='ocrx_word' id='word_1_436' title='bbox 659 3976 683 4027; x_wconf 88' lang='lat'>3.</span> <span class='ocrx_word' id='word_1_437' title='bbox 695 3988 786 4046; x_wconf 82' lang='lat' dir='ltr'>perte.</span> <span class='ocrx_word' id='word_1_438' title='bbox 803 3976 856 4026; x_wconf 86' lang='lat' dir='ltr'>Per</span> <span class='ocrx_word' id='word_1_439' title='bbox 868 3992 935 4044; x_wconf 72' lang='lat' dir='ltr'>supe</span> <span class='ocrx_word' id='word_1_440' title='bbox 945 3988 983 4026; x_wconf 84' lang='lat' dir='ltr'>est</span> <span class='ocrx_word' id='word_1_441' title='bbox 993 3976 1048 4025; x_wconf 83' lang='lat' dir='ltr'>sine</span> <span class='ocrx_word' id='word_1_442' title='bbox 1062 3974 1123 4025; x_wconf 87' lang='lat' dir='ltr'>alte·</span> 
     </span>
     <span class='ocr_line' id='line_1_44' title="bbox 87 4048 1124 4123; baseline 0.006 -28"><span class='ocrx_word' id='word_1_443' title='bbox 87 4064 153 4095; x_wconf 86' lang='lat' dir='ltr'>rum.</span> <span class='ocrx_word' id='word_1_444' title='bbox 165 4070 176 4089; x_wconf 72' lang='lat' dir='ltr'>r</span> <span class='ocrx_word' id='word_1_445' title='bbox 196 4048 309 4099; x_wconf 75' lang='lat' dir='ltr'>Pmdori</span> <span class='ocrx_word' id='word_1_446' title='bbox 321 4061 345 4100; x_wconf 92' lang='lat' dir='ltr'>et</span> <span class='ocrx_word' id='word_1_447' title='bbox 357 4051 460 4119; x_wconf 82' lang='lat' dir='ltr'>proeda,</span> <span class='ocrx_word' id='word_1_448' title='bbox 476 4070 525 4121; x_wconf 91' lang='lat' dir='ltr'>pro</span> <span class='ocrx_word' id='word_1_449' title='bbox 537 4072 583 4116; x_wconf 90' lang='lat' dir='ltr'>eo,</span> <span class='ocrx_word' id='word_1_450' title='bbox 624 4055 677 4105; x_wconf 87' lang='lat' dir='ltr'>rius</span> <span class='ocrx_word' id='word_1_451' title='bbox 689 4072 747 4123; x_wconf 86' lang='lat' dir='ltr'>ope.</span> <span class='ocrx_word' id='word_1_452' title='bbox 763 4053 816 4104; x_wconf 75' lang='lat' dir='ltr'>Cir.</span> <span class='ocrx_word' id='word_1_453' title='bbox 833 4054 902 4102; x_wconf 80' lang='lat' dir='ltr'>llrut.</span> <span class='ocrx_word' id='word_1_454' title='bbox 920 4053 967 4103; x_wconf 76' lang='lat'>25:</span> <span class='ocrx_word' id='word_1_455' title='bbox 982 4076 993 4097; x_wconf 73' lang='grc' dir='ltr'>ι</span> <span class='ocrx_word' id='word_1_456' title='bbox 1003 4052 1035 4117; x_wconf 93' lang='lat' dir='ltr'>Q</span> <span class='ocrx_word' id='word_1_457' title='bbox 1048 4053 1124 4101; x_wconf 87' lang='lat' dir='ltr'>Porn-</span> 
     </span>
     <span class='ocr_line' id='line_1_45' title="bbox 86 4122 1125 4200; baseline 0.005 -28"><span class='ocrx_word' id='word_1_458' title='bbox 86 4122 158 4193; x_wconf 84' lang='lat' dir='ltr'>qund</span> <span class='ocrx_word' id='word_1_459' title='bbox 174 4130 310 4179; x_wconf 76' lang='lat' dir='ltr'>venatione</span> <span class='ocrx_word' id='word_1_460' title='bbox 326 4142 432 4198; x_wconf 79' lang='lat' dir='ltr'>captum</span> <span class='ocrx_word' id='word_1_461' title='bbox 444 4143 496 4191; x_wconf 69' lang='grc' dir='ltr'>ειη</span> <span class='ocrx_word' id='word_1_462' title='bbox 512 4132 582 4199; x_wconf 67' lang='lat' dir='ltr'>l&#39;irp.</span> <span class='ocrx_word' id='word_1_463' title='bbox 623 4134 697 4200; x_wconf 86' lang='lat' dir='ltr'>peius</span> <span class='ocrx_word' id='word_1_464' title='bbox 712 4148 827 4182; x_wconf 83' lang='lat' dir='ltr'>summos</span> <span class='ocrx_word' id='word_1_465' title='bbox 838 4130 965 4195; x_wconf 77' lang='lat' dir='ltr'>honores,</span> <span class='ocrx_word' id='word_1_466' title='bbox 982 4129 1061 4180; x_wconf 90' lang='lat' dir='ltr'>horno</span> <span class='ocrx_word' id='word_1_467' title='bbox 1075 4147 1125 4198; x_wconf 85' lang='lat' dir='ltr'>per</span> 
     </span>
    </p>
   </div>
   <div class='ocr_carea' id='block_1_6' title="bbox 84 4203 1122 4278">
    <p class='ocr_par' dir='ltr' id='par_1_6' title="bbox 84 4203 1122 4278">
     <span class='ocr_line' id='line_1_46' title="bbox 84 4203 1122 4278; baseline 0.007 -26"><span class='ocrx_word' id='word_1_468' title='bbox 84 4204 142 4253; x_wconf 82' lang='lat' dir='ltr'>AEn.</span> <span class='ocrx_word' id='word_1_469' title='bbox 154 4204 178 4267; x_wconf 92' lang='lat' dir='ltr'>l,</span> <span class='ocrx_word' id='word_1_470' title='bbox 197 4203 256 4269; x_wconf 71' lang='lat' dir='ltr'>aad.</span> <span class='ocrx_word' id='word_1_471' title='bbox 274 4205 329 4255; x_wconf 85' lang='lat' dir='ltr'>Vid.</span> <span class='ocrx_word' id='word_1_472' title='bbox 345 4206 379 4258; x_wconf 90' lang='lat' dir='ltr'>ad</span> <span class='ocrx_word' id='word_1_473' title='bbox 390 4206 435 4259; x_wconf 87' lang='lat' dir='ltr'>lib.</span> <span class='ocrx_word' id='word_1_474' title='bbox 447 4208 471 4271; x_wconf 93' lang='lat' dir='ltr'>l,</span> <span class='ocrx_word' id='word_1_475' title='bbox 485 4206 538 4260; x_wconf 73' lang='lat' dir='ltr'>tab.</span> <span class='ocrx_word' id='word_1_476' title='bbox 551 4210 583 4271; x_wconf 87' lang='lat' dir='ltr'>V,</span> <span class='ocrx_word' id='word_1_477' title='bbox 623 4228 649 4261; x_wconf 79' lang='lat' dir='ltr'>se</span> <span class='ocrx_word' id='word_1_478' title='bbox 663 4210 797 4278; x_wconf 69' lang='lat' dir='ltr'>cognitur,</span> <span class='ocrx_word' id='word_1_479' title='bbox 815 4210 870 4258; x_wconf 86' lang='lat' dir='ltr'>sine</span> <span class='ocrx_word' id='word_1_480' title='bbox 886 4207 940 4259; x_wconf 82' lang='lat' dir='ltr'>ulla</span> <span class='ocrx_word' id='word_1_481' title='bbox 955 4204 1122 4259; x_wconf 85' lang='lat' dir='ltr'>commenda·</span> 
     </span>
    </p>
   </div>
   <div class='ocr_carea' id='block_1_7' title="bbox 0 0 1431 5018">
    <p class='ocr_par' dir='ltr' id='par_1_7' title="bbox 0 0 1431 5018">
     <span class='ocr_line' id='line_1_47' title="bbox 0 0 1431 5018; baseline 0 0"><span class='ocrx_word' id='word_1_482' title='bbox 0 0 1431 5018; x_wconf 95' lang='lat' dir='ltr'> </span> 
     </span>
    </p>
   </div>
  </div>
 </body>
</html>
